2950 3970
556 654 664 708 128
725 653 1190 712 REGISTRUM
1227 653 1771 710 EPISCOPATUS
1810 653 2408 710 BREOHINENSIS.

557 842 695 890 undir
730 842 777 890 al
814 859 936 907 pane
968 844 1063 892 and
1098 843 1269 906 charge
1306 857 1385 890 ma
1419 841 1544 890 efter
1575 840 1738 890 follow
1771 842 1820 890 in
1854 842 1929 906 yis
1962 848 2071 907 part
2107 842 2305 892 Gewine
2341 844 2489 890 under

557 947 643 979 our
678 931 865 995 singnet
900 936 952 982 at
991 932 1138 980 Perth
1174 947 1235 995 ye
1275 931 1358 993 xij.
1384 930 1477 993 day
1500 929 1554 978 of
1584 929 1703 993 May
1742 931 1837 978 and
1876 930 1945 979 off
1979 947 2066 980 our
2102 947 2275 994 regnne
2298 948 2358 993 ye
2384 932 2486 993 xiiij

557 1021 686 1069 zheir
722 1049 733 1059 ·

560 1221 926 1284 Transumptum
951 1220 1242 1268 diuersarum
1270 1217 1591 1267 ‘clausularum
1630 1218 1689 1266 de
1727 1217 1928 1267 diuersis
1961 1217 2137 1267 litteris
2160 1235 2301 1283 super
2325 1219 2489 1267 ordine

561 1308 842 1370 dignitatum
866 1308 1066 1358 ecclesie
1091 1307 1429 1357 Brechinensis
1466 1334 1477 1344 ·

473 1462 535 1508 68
570 1431 648 1510 In
671 1463 859 1511 nomine
883 1463 1078 1511 Domini
1103 1464 1257 1511 Amen
1295 1491 1306 1501 ·
1343 1461 1592 1514 Uniuersis
1615 1468 1665 1514 et
1689 1464 1884 1528 singulis
1907 1465 1997 1513 hoc
2020 1479 2215 1529 presens
2249 1463 2490 1527 publicum

559 1551 926 1600 instrumentum
968 1551 1253 1615 inspecturis
1292 1552 1326 1598 J
1330 1552 1539 1601 ohannes
1577 1553 1810 1601 Willelmi
1857 1553 2090 1617 Magister
2126 1553 2174 1600 in
2214 1553 2396 1601 artibus
2442 1557 2492 1600 et

557 1640 824 1689 bacalarius
841 1640 890 1688 in
908 1640 1114 1689 decretis
1132 1640 1346 1690 officialis
1362 1641 1597 1704 generalis
1616 1641 1948 1691 Brechinensis
1975 1641 2187 1690 Salutem
2212 1641 2261 1688 in
2281 1641 2489 1689 Domino

560 1730 804 1778 Noueritis
828 1730 952 1793 quod
988 1728 1280 1778 venerabiles
1317 1733 1367 1777 et
1405 1729 1735 1794 circumspecti
1771 1729 1858 1777 viri
1897 1730 2131 1793 Magister
2166 1730 2407 1778 Robertus
2431 1731 2489 1776 de

560 1818 807 1866 Crannoch
868 1821 1036 1865 cantor
1095 1817 1429 1866 Brechinensis
1475 1821 1525 1866 et
1573 1818 1732 1865 Dauid
1779 1818 1839 1866 de
1886 1817 2134 1866 Crannoch
2181 1817 2490 1866 cancellarius

482 1923 485 1925 ·
559 1907 768 1954 eiusdem
815 1906 1043 1969 quasdam
1087 1904 1253 1954 literas
1292 1905 1341 1953 in
1381 1921 1664 1970 pergameno
1706 1910 1755 1954 et
1792 1921 1934 1954 unam
1969 1905 2020 1953 in
2056 1906 2222 1969 papiro
2267 1910 2488 1969 patentes

560 1996 947 2043 Reuerendorum
971 1995 1020 2042 in
1045 1994 1202 2043 Cristo
1226 1998 1415 2058 patrum
1455 1998 1505 2042 et
1547 1994 1840 2042 dominorum
1873 1994 2070 2042 Patricii
2110 1995 2230 2042 bone
2266 1995 2487 2043 memorie

559 2084 794 2147 quondam
817 2083 1026 2147 episcopi
1051 2082 1385 2131 Brechinensis
1421 2082 1608 2130 Valteri
1646 2083 1872 2131 Forestar
1905 2083 2140 2145 quondam
2183 2083 2327 2130 etiam
2369 2084 2491 2146 epis-

558 2172 665 2236 copi
689 2171 1022 2220 Brechinensis
1059 2175 1108 2219 et
1145 2171 1178 2218 J
1183 2171 1381 2229 ohannis
1416 2171 1626 2235 episcopi
1664 2171 2000 2220 Brechinensis
2033 2171 2247 2219 moderni
2283 2173 2485 2235 quedam

558 2260 703 2308 etiam
727 2275 789 2307 ex
812 2258 907 2308 illis
929 2259 1083 2308 literis
1105 2263 1404 2323 transumpta
1438 2259 1604 2322 sigillis
1641 2259 1876 2308 dictorum
1915 2261 2278 2308 reuerendorum
2302 2265 2489 2324 patrum

558 2348 776 2411 sigillatis
798 2363 856 2396 ac
878 2347 1062 2412 aliquas
1085 2347 1238 2411 sigillo
1262 2349 1496 2396 communi
1537 2347 1734 2412 capituli
1773 2348 2108 2396 Brechinensis
2129 2364 2312 2396 necnon
2336 2349 2489 2412 sigillo

559 2441 723 2486 nostro
746 2435 977 2499 sigillatas
1001 2437 1250 2492 Quandam
1275 2437 1421 2485 etiam
1444 2436 1632 2485 literam
1659 2438 1864 2500 quinque
1888 2436 2054 2499 sigillis
2077 2436 2330 2499 sigillatam
2348 2442 2487 2501 prout

559 2525 753 2573 inferius
789 2524 1070 2573 describitur
1109 2525 1158 2572 in
1191 2524 1374 2587 judicio
1413 2529 1746 2588 presentarunt
1784 2553 1794 2563 -
1832 2525 2014 2581 Quibus
2053 2525 2206 2574 literis
2246 2530 2295 2574 et
2335 2531 2487 2575 trans-

560 2613 762 2676 sumptis
783 2613 920 2662 nobis
943 2613 1192 2675 injudicio
1214 2612 1403 2676 publice
1426 2613 1714 2677 presentatis
1750 2618 1799 2662 et
1836 2629 1994 2662 coram
2029 2615 2165 2663 nobis
2201 2619 2250 2663 et
2291 2617 2489 2665 notariis

561 2701 840 2766 subscriptis
900 2702 959 2750 de
1008 2700 1149 2764 longo
1194 2702 1255 2749 ad
1301 2701 1489 2764 longum
1535 2701 1760 2765 perlectis
1819 2702 2020 2765 predicti
2067 2702 2357 2753 venerabiles
2402 2705 2488 2752 viri

564 2790 797 2854 Magister
821 2789 1062 2838 Robertus
1086 2793 1136 2838 et
1160 2789 1321 2837 Dauid
1339 2789 1582 2837 humiliter
1604 2805 1634 2837 a
1655 2789 1792 2838 nobis
1815 2790 2054 2853 petierunt
2079 2794 2311 2853 quatenus
2334 2797 2490 2842 certas

562 2878 796 2928 clausulas
812 2878 1077 2927 huiusmodi
1099 2877 1343 2926 literarum
1368 2881 1418 2926 et
1440 2882 1866 2941 transsumptorum
1883 2878 2137 2927 transsumi
2160 2883 2209 2927 et
2233 2881 2492 2944 exemplari

563 2969 623 3016 ad
657 2967 864 3015 futuram
900 2966 969 3014 rei
1003 2966 1276 3014 memoriam
1313 2966 1608 3029 dignaremur
1642 2967 1866 3014 mandare
1897 2967 1959 3013 ad
1990 2966 2262 3014 euitandam
2298 2968 2492 3031 prolixi-

562 3059 714 3104 tatem
750 3055 983 3103 dictarum
1017 3053 1260 3102 literarum
1295 3058 1344 3101 et
1383 3058 1811 3118 transsumptorum
1845 3054 1916 3102 ita
1950 3059 2000 3102 et
2038 3054 2203 3103 taliter
2217 3096 2227 3113 ,
2242 3058 2366 3119 quod
2402 3058 2491 3121 ipsi

562 3147 885 3206 transsumpto
925 3143 984 3191 de
1025 3143 1167 3191 dictis
1206 3142 1429 3191 clausulis
1463 3142 1615 3206 possit
1652 3146 1702 3190 et
1739 3142 1911 3190 debeat
1947 3142 2027 3190 ubi
2064 3142 2273 3191 locorum
2307 3149 2406 3193 tam
2444 3147 2493 3194 in

558 3232 740 3296 judicio
773 3247 914 3295 quam
949 3235 1089 3280 extra
1121 3230 1335 3294 plenaria
1357 3231 1473 3279 fides
1495 3230 1710 3279 adhiberi
1737 3230 1860 3279 sicut
1886 3229 2027 3279 dictis
2050 3230 2272 3280 clausulis
2306 3233 2354 3280 in
2388 3250 2493 3297 pre-

567 3321 708 3370 dictis
729 3319 881 3370 literis
903 3323 953 3368 et
974 3319 1309 3383 transsumptis
1346 3319 1386 3368 si
1424 3334 1530 3367 cum
1567 3319 1616 3366 in
1652 3318 1804 3367 forma
1841 3318 1890 3366 in
1930 3318 2235 3382 originalibus
2268 3319 2419 3370 literis
2442 3326 2490 3370 et
