2950 3970
620 629 1091 686 REGISTRUM
1131 630 1670 689 EPISCOPATUS
1710 634 2304 693 BRECHINENSIS.
2356 641 2464 696 229

544 819 735 866 boream
755 819 947 867 Necnon
971 836 1109 868 unam
1133 837 1290 868 acram
1314 826 1440 869 terre
1464 822 1655 870 arabilis
1679 823 1829 871 eidem
1853 827 2122 873 tenemento
2139 827 2450 890 pertinentem

537 907 776 968 jacentem
801 924 862 956 ex
884 913 1018 971 parte
1037 909 1319 957 occidentali
1338 909 1546 959 eiusdem
1565 911 1775 959 ciuitatis
1801 939 1810 949 -
1839 939 1849 949 ·
1879 940 1888 949 ·
1914 912 2037 960 inter
2058 917 2210 962 terras
2231 914 2452 962 heredum

545 997 778 1058 quondam
805 996 1065 1044 Alexandri
1103 997 1314 1060 Ramsay
1347 998 1408 1044 ad
1443 998 1733 1046 occidentem
1769 1003 1920 1047 terras
1952 1000 1986 1046 J
1990 1000 2184 1049 ohannis
2209 1002 2371 1064 Lyoun
2394 1003 2454 1049 ad

544 1084 773 1131 orientem
797 1088 949 1132 terras
971 1084 1183 1147 magistri
1207 1085 1410 1134 Davidis
1435 1085 1626 1133 Pitcarn
1662 1087 1721 1133 ad
1756 1087 1943 1134 boream
1980 1092 2028 1136 et
2062 1093 2212 1137 terras
2235 1089 2453 1137 heredum

545 1172 779 1235 quondam
827 1172 986 1219 Dauid
1040 1172 1219 1235 Nwdry
1264 1174 1324 1220 ad
1377 1177 1587 1222 austrum
1626 1201 1635 1211 ·
1674 1174 1866 1223 Necnon
1917 1191 2056 1223 unam
2101 1177 2281 1239 peciam
2330 1181 2454 1225 terre

545 1263 737 1312 arabilis
773 1263 1028 1326 vulgariter
1062 1268 1379 1327 nuncupatam
1419 1265 1469 1327 ly
1509 1265 1776 1328 Claypottis
1812 1271 1861 1314 et
1899 1267 2150 1316 Cobisland
2187 1284 2290 1316 cum
2314 1270 2456 1332 perti-

545 1352 719 1401 nentiis
749 1352 988 1414 jacentem
1027 1368 1089 1399 ex
1124 1353 1288 1400 eadem
1324 1352 1604 1400 occidentali
1640 1358 1774 1416 parte
1799 1354 1924 1402 dicte
1948 1355 2156 1403 ciuitatis
2193 1384 2203 1393 ·
2240 1383 2252 1394 ·
2291 1384 2301 1394 ·
2337 1357 2459 1404 inter

545 1446 698 1490 terras
721 1439 1066 1504 capellanorum
1102 1440 1232 1487 chori
1269 1440 1599 1489 Brechinensis
1632 1442 1691 1488 ad
1727 1441 2015 1490 occidentem
2051 1443 2171 1490 viam
2207 1459 2296 1506 que
2331 1445 2458 1491 ducit

547 1531 608 1578 ad
633 1531 861 1578 Dubtoun
886 1530 947 1577 ad
983 1530 1174 1577 boream
1213 1533 1263 1577 et
1300 1529 1421 1577 viam
1447 1545 1536 1592 que
1559 1530 1714 1577 tendit
1738 1531 1797 1576 ad
1821 1529 1870 1591 ly
1895 1530 2064 1578 Hauch
2090 1531 2147 1578 de
2173 1532 2375 1579 Brechin
2398 1533 2458 1579 ad

548 1623 763 1667 austrum
800 1622 850 1666 et
886 1621 1039 1665 terras
1061 1617 1285 1664 heredum
1310 1617 1542 1680 quondam
1580 1617 1735 1663 Dauid
1762 1617 1920 1664 Nudre
1943 1619 2004 1665 ad
2028 1618 2256 1666 orientem
2294 1647 2303 1656 -
2342 1620 2462 1667 Nec-

548 1722 641 1755 non
665 1705 750 1754 illa
773 1705 866 1753 due
889 1708 1164 1752 tenementa
1198 1719 1301 1751 cum
1339 1704 1456 1752 ortis
1489 1708 1538 1751 et
1572 1704 1764 1766 singulis
1798 1705 1895 1752 suis
1917 1705 2213 1768 pertinentiis
2236 1722 2326 1769 que
2349 1711 2459 1755 sunt

549 1794 766 1858 proxima
806 1797 854 1840 et
895 1793 1116 1855 contigua
1166 1791 1395 1839 Maneriei
1435 1792 1535 1839 siue
1576 1791 1753 1854 palatio
1790 1820 1800 1829 -
1838 1819 1849 1830 ·
1888 1820 1898 1830 ·
1932 1793 2166 1842 Johannis
2202 1822 2212 1831 ·
2251 1822 2260 1831 ·
2299 1822 2309 1832 -
2346 1795 2460 1841 Bre-

550 1883 786 1930 chinensis
820 1881 1027 1944 episcopi
1062 1880 1183 1927 infra
1216 1879 1459 1927 ciuitatem
1485 1879 1847 1928 Brechinensem
1865 1880 2075 1942 Jacentia
2098 1898 2157 1928 ex
2183 1886 2317 1945 parte
2340 1884 2460 1930 ocei-

551 1970 730 2019 dentali
775 1970 982 2017 eiusdem
1030 1969 1155 2015 inter
1199 1972 1351 2015 terras
1394 1966 1622 2014 Willelmi
1671 1967 1795 2015 Reid
1836 1969 1896 2015 ad
1938 1972 2145 2016 austrum
2191 1974 2240 2016 et
2286 1970 2458 2017 dictam
2512 1951 2515 1954 Ι

553 2060 814 2108 Maneriem
850 2056 1056 2120 episcopi
1081 2055 1411 2103 Brechinensis
1434 2056 1495 2102 ad
1530 2055 1718 2102 boream
1742 2070 2031 2102 communem
2055 2055 2178 2103 viam
2202 2056 2374 2119 regiam
2397 2058 2457 2104 ad

551 2149 780 2196 orientem
819 2150 867 2193 et
905 2143 1103 2191 riuulum
1144 2143 1504 2191 descendentem
1543 2158 1627 2205 per
1659 2146 1843 2190 antrum
1869 2143 1968 2190 siue
2002 2142 2052 2205 ly
2086 2144 2175 2190 den
2209 2143 2459 2206 vulgariter

550 2237 868 2298 nuncupatum
893 2232 952 2279 ad
977 2232 1268 2279 occidentem
1296 2259 1306 2269 ·
1333 2231 1546 2278 Unacum
1567 2231 1766 2293 quadam
1792 2245 1902 2277 acra
1923 2234 2048 2278 terre
2071 2230 2261 2279 arabilis
2283 2232 2457 2279 eisdem

550 2322 835 2372 tenementis
858 2337 918 2368 ex
942 2320 1140 2383 antiquo
1174 2319 1362 2367 adiecta
1397 2334 1501 2366 cum
1541 2319 1636 2366 suis
1672 2318 1968 2381 pertinentiis
1998 2318 2187 2379 jacente
2226 2334 2287 2365 ex
2322 2323 2457 2381 parte

552 2409 771 2460 orientali
819 2409 944 2456 dicte
991 2407 1201 2455 ciuitatis
1254 2407 1587 2454 Brechinensis
1638 2406 2000 2454 molendinarias
2050 2434 2061 2444 ·
2112 2434 2122 2443 ·
2175 2433 2184 2443 -
2236 2406 2457 2469 Episcopi

554 2497 884 2548 Brechinensis
907 2497 966 2543 ad
991 2495 1218 2543 orientem
1242 2510 1302 2542 ex
1325 2498 1459 2557 parte
1483 2509 1576 2540 una
1596 2497 1748 2541 terras
1773 2494 2003 2556 quondam
2027 2494 2216 2556 Georgii
2240 2494 2455 2541 Fentoun

553 2590 614 2637 ad
638 2587 928 2636 occidentem
951 2584 1141 2630 boream
1165 2587 1214 2630 et
1240 2586 1449 2630 austrum
1474 2581 1686 2644 partibus
1707 2581 1766 2627 ab
1790 2580 1941 2628 altera
1976 2608 1986 2619 ·
2024 2581 2236 2628 Unacum
2259 2582 2459 2644 quadam

554 2678 690 2742 pecia
725 2680 851 2723 terre
883 2673 1073 2735 jacente
1110 2671 1234 2718 inter
1270 2675 1422 2718 terras
1459 2668 1632 2716 domini
1673 2667 1901 2715 Willelmi
1927 2668 2125 2731 Mun-ay
2147 2668 2375 2731 capellani
2399 2670 2457 2716 ad

555 2768 783 2815 orientem
820 2766 973 2810 terras
1010 2775 1140 2807 meas
1180 2758 1393 2822 proprias
1432 2758 1492 2804 ad
1534 2757 1826 2804 occidentem
1861 2755 2088 2803 venellam
2122 2772 2211 2819 que
2246 2757 2374 2804 ducit
2410 2762 2459 2804 et

554 2854 711 2903 tendit
746 2853 806 2899 ad
844 2849 1100 2897 Doubtoun
1135 2847 1195 2893 ad
1230 2846 1418 2893 boream
1454 2849 1503 2892 et
1527 2843 1754 2891 venellam
1784 2845 2111 2891 extendentem
2149 2844 2209 2891 ad
2243 2843 2292 2906 ly
2326 2844 2462 2892 Cors-

555 2945 646 2991 den
669 2942 730 2989 ad
754 2942 962 2987 austrum
1002 2963 1011 2972 ·
1049 2935 1262 2981 Unacum
1287 2947 1397 2979 acra
1429 2935 1555 2979 terre
1589 2930 1780 2978 arabilis
1813 2946 1916 2978 cum
1951 2930 2244 2993 pertinentiis
2270 2932 2459 2992 Jacente

554 3048 616 3079 ex
653 3030 820 3077 eadem
849 3022 1130 3074 occidentali
1166 3024 1299 3084 parte
1333 3019 1543 3067 ciuitatis
1580 3047 1589 3056 ·
1629 3047 1639 3056 ·
1678 3046 1688 3056 ·
1723 3019 1848 3066 inter
1880 3023 2032 3066 terras
2064 3019 2285 3065 heredum
2318 3035 2461 3082 quon-

555 3121 665 3167 dam
686 3118 720 3164 J
724 3114 921 3164 ohannis
956 3111 1138 3160 Guthre
1175 3109 1234 3156 ad
1272 3107 1498 3155 orientem
1534 3110 1685 3154 terras
1721 3107 1779 3153 de
1815 3106 1864 3168 ly
1901 3106 2069 3153 Haueh
2093 3107 2150 3153 de
2176 3106 2377 3154 Brechin
2401 3109 2459 3154 ad

554 3207 847 3256 occidentem
883 3205 932 3248 et
970 3202 1179 3247 austrum
1218 3224 1227 3234 ·
1266 3195 1331 3242 Et
1365 3198 1517 3242 terras
1553 3196 1845 3256 nuncupatas
1879 3192 1930 3256 ly
1968 3192 2254 3242 Weitlandis
2286 3195 2346 3240 ad
2381 3195 2461 3242 bo-

553 3311 681 3344 ream
721 3321 730 3331 ·
767 3291 876 3339 Una
899 3304 1002 3336 cum
1028 3286 1226 3349 quodam
1252 3297 1406 3330 annuo
1429 3280 1615 3328 redditu
1639 3296 1723 3329 sex
1747 3279 1996 3328 solidorum
2033 3283 2081 3327 et
2121 3284 2229 3328 octo
2251 3281 2460 3329 denario-
