2950 3970
620 597 1084 656 REGISTRUM
1122 603 1659 662 EPISCOPATUS
1703 609 2288 668 BRECHINENSIS.
2342 615 2448 669 211

537 785 595 831 de
632 785 801 834 Forfar
845 788 1040 852 singulis
1075 792 1209 840 annis
1254 797 1506 841 exeuntem
1545 798 1593 842 et
1630 794 1878 844 leuandum
1915 802 1965 846 et
2002 800 2348 862 percipiendum
2391 803 2450 848 ad

536 872 654 920 duos
689 875 800 922 anni
836 877 1063 926 terminos
1086 885 1335 929 consuetos
1358 882 1481 930 festa
1506 882 1590 929 viz.
1618 883 1956 934 Penthecostes
1989 890 2037 933 et
2067 886 2229 935 Sancti
2256 888 2451 935 Martini

534 961 582 1008 in
606 962 774 1025 hyeme
798 981 882 1028 per
905 967 1094 1030 equales
1123 970 1362 1031 portiones
1385 970 1485 1018 sine
1510 970 1720 1018 ulteriori
1745 972 1968 1021 dilatione
1992 974 2155 1022 fraude
2179 990 2261 1022 seu
2296 974 2402 1022 dolo
2440 1003 2449 1011 ·

535 1049 809 1100 Tenendum
856 1058 904 1101 et
951 1055 1216 1104 habendum
1255 1058 1432 1106 dictum
1471 1075 1671 1105 annuum
1714 1061 1948 1108 redditum
1987 1062 2150 1123 viginti
2189 1077 2448 1109 marcarum

531 1139 708 1188 usualis
731 1146 920 1190 monete
944 1145 1154 1206 predicte
1180 1146 1307 1194 dicto
1331 1147 1574 1209 capellano
1598 1152 1646 1195 et
1670 1149 1767 1196 suis
1790 1150 2136 1198 successoribus
2159 1151 2218 1197 ad
2245 1150 2447 1212 ipsorum

530 1230 924 1278 sustentationem
971 1237 1023 1279 ut
1070 1234 1360 1295 premittitur
1406 1235 1452 1282 in
1489 1251 1652 1298 puram
1691 1240 1739 1283 et
1775 1241 2046 1299 perpetuam
2083 1237 2372 1286 elimosinam
2419 1243 2468 1285 a'

529 1317 665 1365 nobis
706 1319 1047 1368 etheredibus
1087 1322 1261 1370 nostris
1301 1323 1642 1386 imperpetuum
1681 1351 1689 1360 -
1729 1351 1738 1360 ·
1778 1352 1787 1361 ·
1826 1323 2054 1372 Volumus
2094 1329 2248 1372 autem
2286 1330 2334 1372 et
2374 1341 2448 1372 or-

529 1405 744 1455 dinamus
781 1409 906 1470 quod
945 1408 1099 1457 dictus
1135 1409 1404 1473 capellanus
1452 1411 1531 1474 qui
1577 1427 1661 1474 pro
1707 1416 1917 1474 tempore
1964 1412 2105 1460 fuerit
2154 1413 2200 1459 in
2247 1413 2446 1460 ecclesia

526 1498 779 1555 prenotata
803 1495 1113 1545 Brechinensi
1149 1499 1210 1545 ad
1248 1498 1509 1560 predictum
1538 1498 1687 1546 altare
1712 1499 1920 1546 seruiens
1944 1499 2136 1561 singulis
2160 1499 2285 1547 horis
2309 1515 2446 1547 cano-

477 1614 483 1617 *
526 1582 646 1630 nicis
682 1599 789 1631 cum
826 1584 933 1632 aliis
970 1585 1225 1648 capellanis
1263 1586 1392 1633 chori
1430 1586 1595 1634 habitu
1630 1587 1814 1634 decenti
1840 1592 1889 1634 et
1914 1588 2109 1635 honesto
2133 1603 2260 1634 more
2285 1603 2441 1635 eorum

525 1670 574 1718 in
614 1671 758 1719 choro
798 1673 986 1720 intersit
1024 1701 1033 1710 ·
1074 1702 1083 1710 ·
1123 1702 1132 1711 ·
1171 1674 1236 1721 Et
1278 1675 1401 1737 quod
1443 1674 1598 1722 dictus
1638 1674 1909 1737 capellanus
1949 1679 1997 1722 et
2038 1676 2109 1724 sui
2151 1691 2441 1724 successores

524 1759 812 1808 sufficienter
848 1761 894 1808 in
933 1766 1076 1808 cantu
1100 1762 1195 1809 sint
1220 1762 1436 1809 instructi
1475 1766 1523 1809 et
1563 1763 1892 1810 convenienter
1928 1767 2066 1826 prout
2092 1765 2227 1811 decet
2253 1765 2436 1811 domum

524 1846 619 1894 Dei
657 1876 667 1884 ·
705 1849 938 1898 Volumus
961 1850 1106 1897 etiam
1138 1854 1187 1897 et
1220 1850 1493 1898 ordinamus
1523 1853 1648 1913 quod
1682 1855 1956 1914 prenotatus
1993 1851 2260 1914 capellanus
2295 1857 2343 1899 et
2367 1853 2438 1900 sui

523 1952 817 1986 successores
854 1938 1125 1985 continuam
1164 1943 1214 1986 et
1251 1938 1547 2001 personalem
1570 1940 1691 2001 apud
1718 1938 1962 1986 ecclesiam
1988 1940 2300 1988 cathedralem
2326 1941 2440 1987 Bre-

522 2031 791 2078 chinensem
814 2031 991 2078 faciant
1014 2031 1254 2094 perpetuis
1277 2031 1565 2094 temporibus
1601 2032 1899 2079 residentiam
1939 2059 1948 2069 ·
1987 2031 2205 2094 Alioquin
2230 2033 2330 2095 ipso
2354 2037 2436 2079 aut

521 2120 870 2168 successoribus
910 2119 1009 2168 suis
1048 2120 1224 2182 absque
1266 2120 1429 2166 decani
1475 2123 1523 2166 et
1564 2118 1756 2182 capituli
1794 2118 1984 2166 licentia
2021 2124 2158 2167 extra
2195 2120 2433 2167 ciuitatem

522 2208 887 2256 Brechinensem
911 2224 995 2271 per
1018 2207 1328 2270 quadraginta
1352 2207 1452 2254 dies
1483 2193 1729 2254 continuos
1766 2207 1854 2254 nisi
1892 2206 2166 2254 rationalem
2193 2211 2242 2254 et
2265 2208 2436 2255 admis-

520 2297 670 2344 siuam
693 2297 1046 2344 excusationem
1071 2296 1347 2358 pretendere
1371 2295 1575 2364 habeant
1611 2295 2004 2342 commorantibus
2041 2295 2143 2357 ipsa
2180 2293 2437 2356 capellania

521 2389 770 2434 censeatur
794 2400 959 2432 vacare
982 2388 1032 2431 et
1054 2388 1190 2431 vacet
1215 2399 1321 2431 cum
1350 2382 1518 2430 effectu
1557 2410 1566 2418 -
1603 2381 1834 2430 Volumus
1855 2385 2013 2429 tamen
2053 2385 2100 2428 et
2139 2382 2435 2430 concedimus

520 2488 605 2538 per
638 2477 881 2536 presentes
915 2473 1038 2534 quod
1079 2487 1184 2518 cum
1226 2470 1438 2534 predicta
1479 2469 1739 2533 capellania
1774 2471 2094 2532 quodcumque
2131 2469 2259 2516 aliud
2295 2469 2434 2516 bene-

520 2562 674 2610 ficium
714 2561 891 2624 poterit
931 2560 1143 2608 obtinere
1179 2559 1303 2606 idem
1345 2557 1614 2620 capellanus
1652 2561 1700 2605 et
1738 2557 1810 2604 sui
1848 2572 2140 2605 successores
2177 2585 2186 2594 ·
2226 2585 2234 2593 ·
2274 2584 2284 2593 ·
2318 2573 2432 2619 gau-

522 2652 664 2698 deant
688 2654 737 2697 et
761 2649 1031 2712 possideant
1056 2647 1304 2694 dummodo
1330 2650 1381 2693 ut
1406 2645 1698 2708 premittitur
1732 2644 2031 2692 residentiam
2055 2645 2178 2707 apud
2201 2645 2430 2707 prefatam

522 2743 769 2792 ecclesiam
793 2740 1111 2790 cathedralem
1138 2739 1499 2786 Brechinensem
1529 2737 1706 2784 faciant
1730 2737 1996 2784 continuam
2022 2742 2070 2784 et
2094 2736 2382 2799 personalem
2421 2765 2430 2773 ·

524 2832 754 2880 Volumus
776 2831 966 2893 insuper
1002 2834 1050 2876 et
1087 2827 1384 2876 concedimus
1422 2826 1546 2889 quod
1584 2826 1968 2888 quandocumque
2007 2829 2055 2872 et
2092 2824 2432 2887 quotienscum-

523 2937 613 2984 que
638 2921 786 2983 ipsam
811 2918 1118 2982 capellaniam
1141 2931 1306 2963 vacare
1336 2914 1584 2976 contigerit
1608 2929 1792 2976 quoquo
1816 2913 1954 2959 modo
1979 2912 2123 2975 ipsius
2145 2911 2431 2974 presentatio

523 3011 583 3056 ad
607 3024 692 3056 nos
716 3012 765 3056 et
787 3008 986 3054 heredes
1008 3009 1194 3053 nostros
1215 3008 1264 3050 et
1288 3001 1479 3050 collatio
1503 3002 1562 3048 ad
1587 3001 1819 3048 dominum
1847 3000 2113 3063 episcopum
2150 2998 2433 3045 Brechinen-

523 3113 621 3145 sem
660 3125 669 3133 ·
709 3124 718 3134 ·
758 3124 768 3134 ·
804 3110 860 3143 ac
898 3095 1009 3143 sede
1046 3095 1243 3140 vacante
1267 3090 1464 3137 vicarios
1486 3087 1726 3151 generales
1763 3088 1821 3135 de
1859 3091 2023 3134 cetero
2041 3086 2309 3134 dinoscatur
2330 3102 2433 3148 per-

522 3185 674 3233 tinere
712 3212 722 3221 ·
759 3183 1147 3244 Subicientesque
1184 3194 1270 3226 nos
1306 3181 1355 3225 et
1391 3177 1587 3224 heredes
1622 3179 1807 3224 nostros
1846 3179 1895 3222 et
1935 3173 2188 3237 quemlibet
2222 3176 2428 3221 nostrum

524 3273 801 3337 simpliciter
830 3269 1148 3333 jurisdictioni
1190 3265 1455 3314 cohercioni
1493 3264 1606 3311 dicti
1645 3262 1819 3311 domini
1859 3261 2066 3324 episcopi
2107 3260 2433 3308 Brechinensis
