<?xml version="1.0" encoding="UTF-8"?>
<!DOCTYPE html PUBLIC "-//W3C//DTD XHTML 1.0 Transitional//EN"
    "http://www.w3.org/TR/xhtml1/DTD/xhtml1-transitional.dtd">
<html xmlns="http://www.w3.org/1999/xhtml" xml:lang="en" lang="en">
 <head>
  <title>
</title>
<meta http-equiv="Content-Type" content="text/html;charset=utf-8" />
  <meta name='ocr-system' content='tesseract 3.04.00' />
  <meta name='ocr-capabilities' content='ocr_page ocr_carea ocr_par ocr_line ocrx_word'/>
</head>
<body>
  <div class='ocr_page' id='page_1' title='image "./registrumepiscop01brecuoft_0106.png"; bbox 0 0 2950 3970; ppageno 0'>
   <div class='ocr_carea' id='block_1_1' title="bbox 390 532 1749 612">
    <p class='ocr_par' dir='ltr' id='par_1_1' title="bbox 390 532 1749 612">
     <span class='ocr_line' id='line_1_1' title="bbox 390 532 1749 612; baseline 0 -2"><span class='ocrx_word' id='word_1_1' title='bbox 390 558 448 610; x_wconf 60' lang='lat' dir='ltr'><strong>fl</strong></span> <span class='ocrx_word' id='word_1_2' title='bbox 1086 532 1088 535; x_wconf 75' lang='grc'><strong>’</strong></span> <span class='ocrx_word' id='word_1_3' title='bbox 1285 555 1749 612; x_wconf 44' lang='lat' dir='ltr'><strong>TABULA</strong></span> 
     </span>
    </p>
   </div>
   <div class='ocr_carea' id='block_1_2' title="bbox 479 728 2647 849">
    <p class='ocr_par' dir='ltr' id='par_1_2' title="bbox 479 728 2647 849">
     <span class='ocr_line' id='line_1_2' title="bbox 479 728 2647 784; baseline -0.002 -12"><span class='ocrx_word' id='word_1_4' title='bbox 479 733 756 774; x_wconf 85' lang='lat' dir='ltr'>CCCCXXX.</span> <span class='ocrx_word' id='word_1_5' title='bbox 814 734 1062 774; x_wconf 81' lang='lat' dir='ltr'>Confirmatio</span> <span class='ocrx_word' id='word_1_6' title='bbox 1093 733 1338 784; x_wconf 76' lang='lat' dir='ltr'>Indulgentie</span> <span class='ocrx_word' id='word_1_7' title='bbox 1376 733 1552 772; x_wconf 85' lang='lat' dir='ltr'>Gilberto</span> <span class='ocrx_word' id='word_1_8' title='bbox 1585 732 1740 771; x_wconf 72' lang='lat' dir='ltr'>Fon-star</span> <span class='ocrx_word' id='word_1_9' title='bbox 1775 731 2042 771; x_wconf 79' lang='lat' dir='ltr'>archidiacono</span> <span class='ocrx_word' id='word_1_10' title='bbox 2080 730 2344 768; x_wconf 86' lang='lat' dir='ltr'>Brechinensi.</span> <span class='ocrx_word' id='word_1_11' title='bbox 2418 728 2487 782; x_wconf 83' lang='lat'>[20</span> <span class='ocrx_word' id='word_1_12' title='bbox 2526 731 2647 780; x_wconf 83' lang='lat' dir='ltr'>April.</span> 
     </span>
     <span class='ocr_line' id='line_1_3' title="bbox 914 794 1651 849; baseline 0 -15"><span class='ocrx_word' id='word_1_13' title='bbox 914 795 1049 849; x_wconf 87' lang='lat'>1455.]</span> <span class='ocrx_word' id='word_1_14' title='bbox 1105 794 1187 848; x_wconf 78' lang='lat' dir='ltr'>(Ex</span> <span class='ocrx_word' id='word_1_15' title='bbox 1206 796 1341 835; x_wconf 85' lang='lat' dir='ltr'>iisdem</span> <span class='ocrx_word' id='word_1_16' title='bbox 1361 794 1651 845; x_wconf 81' lang='lat' dir='ltr'>monumentis.)</span> 
     </span>
    </p>
   </div>
   <div class='ocr_carea' id='block_1_3' title="bbox 452 918 2648 1097">
    <p class='ocr_par' dir='ltr' id='par_1_3' title="bbox 452 918 2648 1097">
     <span class='ocr_line' id='line_1_4' title="bbox 452 918 2647 973; baseline -0.002 -13"><span class='ocrx_word' id='word_1_17' title='bbox 452 922 750 960; x_wconf 90' lang='lat' dir='ltr'>CCCCXXXI.</span> <span class='ocrx_word' id='word_1_18' title='bbox 808 923 1043 973; x_wconf 86' lang='lat' dir='ltr'>Indulgence</span> <span class='ocrx_word' id='word_1_19' title='bbox 1062 927 1103 960; x_wconf 91' lang='lat' dir='ltr'>to</span> <span class='ocrx_word' id='word_1_20' title='bbox 1121 921 1187 960; x_wconf 85' lang='lat' dir='ltr'>the</span> <span class='ocrx_word' id='word_1_21' title='bbox 1206 921 1288 960; x_wconf 84' lang='lat' dir='ltr'>said</span> <span class='ocrx_word' id='word_1_22' title='bbox 1317 920 1471 961; x_wconf 79' lang='lat' dir='ltr'>Gilbert</span> <span class='ocrx_word' id='word_1_23' title='bbox 1489 920 1645 958; x_wconf 81' lang='lat' dir='ltr'>Forstar</span> <span class='ocrx_word' id='word_1_24' title='bbox 1663 925 1703 958; x_wconf 85' lang='lat' dir='ltr'>to</span> <span class='ocrx_word' id='word_1_25' title='bbox 1721 919 1873 958; x_wconf 83' lang='lat' dir='ltr'><strong>receive</strong></span> <span class='ocrx_word' id='word_1_26' title='bbox 1891 918 1967 958; x_wconf 83' lang='lat' dir='ltr'>and</span> <span class='ocrx_word' id='word_1_27' title='bbox 1984 918 2074 957; x_wconf 86' lang='lat' dir='ltr'>hold</span> <span class='ocrx_word' id='word_1_28' title='bbox 2092 918 2159 958; x_wconf 80' lang='lat' dir='ltr'>the</span> <span class='ocrx_word' id='word_1_29' title='bbox 2179 919 2357 969; x_wconf 84' lang='lat' dir='ltr'>vicarage</span> <span class='ocrx_word' id='word_1_30' title='bbox 2376 919 2421 957; x_wconf 84' lang='lat' dir='ltr'>of</span> <span class='ocrx_word' id='word_1_31' title='bbox 2435 919 2500 958; x_wconf 86' lang='lat' dir='ltr'>the</span> <span class='ocrx_word' id='word_1_32' title='bbox 2521 920 2647 969; x_wconf 80' lang='lat' dir='ltr'>pat-ish</span> 
     </span>
     <span class='ocr_line' id='line_1_5' title="bbox 910 981 2648 1034; baseline -0.001 -11"><span class='ocrx_word' id='word_1_33' title='bbox 910 984 1053 1023; x_wconf 84' lang='lat' dir='ltr'>church</span> <span class='ocrx_word' id='word_1_34' title='bbox 1072 984 1118 1023; x_wconf 84' lang='lat' dir='ltr'>of</span> <span class='ocrx_word' id='word_1_35' title='bbox 1140 983 1282 1022; x_wconf 88' lang='lat' dir='ltr'>Dunde</span> <span class='ocrx_word' id='word_1_36' title='bbox 1308 984 1349 1021; x_wconf 87' lang='lat' dir='ltr'>in</span> <span class='ocrx_word' id='word_1_37' title='bbox 1376 983 1624 1034; x_wconf 88' lang='lat' dir='ltr'>conjunction</span> <span class='ocrx_word' id='word_1_38' title='bbox 1651 983 1746 1021; x_wconf 82' lang='lat' dir='ltr'>with</span> <span class='ocrx_word' id='word_1_39' title='bbox 1773 982 1839 1020; x_wconf 86' lang='lat' dir='ltr'>the</span> <span class='ocrx_word' id='word_1_40' title='bbox 1867 981 2172 1032; x_wconf 78' lang='lat' dir='ltr'>Arehdeaconry</span> <span class='ocrx_word' id='word_1_41' title='bbox 2200 981 2246 1020; x_wconf 88' lang='lat' dir='ltr'>of</span> <span class='ocrx_word' id='word_1_42' title='bbox 2278 982 2444 1020; x_wconf 83' lang='lat' dir='ltr'>Brechin</span> <span class='ocrx_word' id='word_1_43' title='bbox 2476 983 2551 1021; x_wconf 80' lang='lat' dir='ltr'>and</span> <span class='ocrx_word' id='word_1_44' title='bbox 2583 983 2648 1021; x_wconf 90' lang='lat' dir='ltr'>the</span> 
     </span>
     <span class='ocr_line' id='line_1_6' title="bbox 909 1042 2491 1097; baseline -0.001 -12"><span class='ocrx_word' id='word_1_45' title='bbox 909 1046 1230 1096; x_wconf 81' lang='lat' dir='ltr'>subchantorship</span> <span class='ocrx_word' id='word_1_46' title='bbox 1249 1046 1295 1085; x_wconf 84' lang='lat' dir='ltr'>of</span> <span class='ocrx_word' id='word_1_47' title='bbox 1316 1045 1474 1096; x_wconf 83' lang='lat' dir='ltr'>Moray.</span> <span class='ocrx_word' id='word_1_48' title='bbox 1530 1042 1601 1097; x_wconf 91' lang='lat'>[20</span> <span class='ocrx_word' id='word_1_49' title='bbox 1621 1044 1735 1095; x_wconf 79' lang='lat' dir='ltr'>April</span> <span class='ocrx_word' id='word_1_50' title='bbox 1756 1042 1891 1097; x_wconf 85' lang='lat'>1455.]</span> <span class='ocrx_word' id='word_1_51' title='bbox 1949 1045 2027 1096; x_wconf 83' lang='lat' dir='ltr'>(Ex</span> <span class='ocrx_word' id='word_1_52' title='bbox 2045 1045 2181 1084; x_wconf 89' lang='lat' dir='ltr'>iisdem</span> <span class='ocrx_word' id='word_1_53' title='bbox 2202 1045 2491 1094; x_wconf 86' lang='lat' dir='ltr'>monumentis.)</span> 
     </span>
    </p>
   </div>
   <div class='ocr_carea' id='block_1_4' title="bbox 427 1172 2648 1288">
    <p class='ocr_par' dir='ltr' id='par_1_4' title="bbox 427 1172 2648 1288">
     <span class='ocr_line' id='line_1_7' title="bbox 427 1172 2648 1225; baseline -0.001 -13"><span class='ocrx_word' id='word_1_54' title='bbox 427 1174 750 1214; x_wconf 85' lang='lat' dir='ltr'>ccccxxxn.</span> <span class='ocrx_word' id='word_1_55' title='bbox 808 1175 1000 1213; x_wconf 85' lang='lat' dir='ltr'>Willelmo</span> <span class='ocrx_word' id='word_1_56' title='bbox 1032 1174 1175 1213; x_wconf 85' lang='lat' dir='ltr'>Forbes</span> <span class='ocrx_word' id='word_1_57' title='bbox 1201 1174 1349 1212; x_wconf 83' lang='lat' dir='ltr'>decano</span> <span class='ocrx_word' id='word_1_58' title='bbox 1378 1173 1629 1212; x_wconf 85' lang='lat' dir='ltr'>Brechinensi</span> <span class='ocrx_word' id='word_1_59' title='bbox 1656 1173 1705 1211; x_wconf 83' lang='lat' dir='ltr'>ad</span> <span class='ocrx_word' id='word_1_60' title='bbox 1732 1173 1920 1212; x_wconf 81' lang='lat' dir='ltr'>beneficia</span> <span class='ocrx_word' id='word_1_61' title='bbox 1948 1173 2123 1212; x_wconf 83' lang='lat' dir='ltr'>habenda</span> <span class='ocrx_word' id='word_1_62' title='bbox 2150 1173 2338 1211; x_wconf 89' lang='lat' dir='ltr'>indultum</span> <span class='ocrx_word' id='word_1_63' title='bbox 2367 1181 2438 1212; x_wconf 87' lang='lat' dir='ltr'>est.</span> <span class='ocrx_word' id='word_1_64' title='bbox 2496 1172 2536 1225; x_wconf 87' lang='lat'>[7</span> <span class='ocrx_word' id='word_1_65' title='bbox 2557 1175 2648 1212; x_wconf 89' lang='lat' dir='ltr'>Jun.</span> 
     </span>
     <span class='ocr_line' id='line_1_8' title="bbox 912 1234 1645 1288; baseline 0.001 -15"><span class='ocrx_word' id='word_1_66' title='bbox 912 1235 1045 1288; x_wconf 84' lang='lat'>1455.]</span> <span class='ocrx_word' id='word_1_67' title='bbox 1102 1235 1180 1287; x_wconf 83' lang='lat' dir='ltr'>(Ex</span> <span class='ocrx_word' id='word_1_68' title='bbox 1199 1236 1333 1274; x_wconf 85' lang='lat' dir='ltr'>iisdem</span> <span class='ocrx_word' id='word_1_69' title='bbox 1355 1234 1645 1285; x_wconf 85' lang='lat' dir='ltr'><strong>monumentis.)</strong></span> 
     </span>
    </p>
   </div>
   <div class='ocr_carea' id='block_1_5' title="bbox 405 1360 2649 1475">
    <p class='ocr_par' dir='ltr' id='par_1_5' title="bbox 405 1360 2649 1475">
     <span class='ocr_line' id='line_1_9' title="bbox 405 1360 2649 1417; baseline 0.001 -18"><span class='ocrx_word' id='word_1_70' title='bbox 405 1362 749 1402; x_wconf 84' lang='lat' dir='ltr'>CCCCXXXIII.</span> <span class='ocrx_word' id='word_1_71' title='bbox 806 1364 981 1402; x_wconf 84' lang='lat' dir='ltr'>Provisio</span> <span class='ocrx_word' id='word_1_72' title='bbox 1010 1363 1166 1402; x_wconf 80' lang='lat' dir='ltr'>Ricardi</span> <span class='ocrx_word' id='word_1_73' title='bbox 1195 1362 1315 1412; x_wconf 85' lang='lat' dir='ltr'>Wyly</span> <span class='ocrx_word' id='word_1_74' title='bbox 1344 1362 1393 1401; x_wconf 86' lang='lat' dir='ltr'>ad</span> <span class='ocrx_word' id='word_1_75' title='bbox 1420 1362 1786 1402; x_wconf 78' lang='lat' dir='ltr'>Archidiaconatum</span> <span class='ocrx_word' id='word_1_76' title='bbox 1814 1362 2127 1402; x_wconf 85' lang='lat' dir='ltr'>Brechinensem.</span> <span class='ocrx_word' id='word_1_77' title='bbox 2185 1360 2251 1414; x_wconf 88' lang='lat'>[31</span> <span class='ocrx_word' id='word_1_78' title='bbox 2274 1363 2302 1401; x_wconf 87' lang='lat' dir='ltr'><strong>J</strong></span> <span class='ocrx_word' id='word_1_79' title='bbox 2308 1363 2357 1401; x_wconf 90' lang='lat' dir='ltr'>ul.</span> <span class='ocrx_word' id='word_1_80' title='bbox 2380 1363 2514 1417; x_wconf 72' lang='lat'>1462]</span> <span class='ocrx_word' id='word_1_81' title='bbox 2571 1363 2649 1415; x_wconf 83' lang='lat' dir='ltr'>(Ex</span> 
     </span>
     <span class='ocr_line' id='line_1_10' title="bbox 909 1425 1354 1475; baseline 0 -11"><span class='ocrx_word' id='word_1_82' title='bbox 909 1427 1044 1465; x_wconf 88' lang='lat' dir='ltr'>iisdem</span> <span class='ocrx_word' id='word_1_83' title='bbox 1064 1425 1354 1475; x_wconf 83' lang='lat' dir='ltr'>monumentis.)</span> 
     </span>
    </p>
   </div>
   <div class='ocr_carea' id='block_1_6' title="bbox 406 1551 2649 1667">
    <p class='ocr_par' dir='ltr' id='par_1_6' title="bbox 406 1551 2649 1667">
     <span class='ocr_line' id='line_1_11' title="bbox 406 1551 2649 1607; baseline 0 -18"><span class='ocrx_word' id='word_1_84' title='bbox 406 1551 745 1590; x_wconf 85' lang='lat' dir='ltr'>CCCCXXXIV.</span> <span class='ocrx_word' id='word_1_85' title='bbox 802 1552 967 1592; x_wconf 77' lang='lat' dir='ltr'>Collatio</span> <span class='ocrx_word' id='word_1_86' title='bbox 996 1553 1159 1604; x_wconf 80' lang='lat' dir='ltr'>Georgii</span> <span class='ocrx_word' id='word_1_87' title='bbox 1188 1552 1311 1603; x_wconf 85' lang='lat' dir='ltr'>Lydel</span> <span class='ocrx_word' id='word_1_88' title='bbox 1341 1554 1379 1590; x_wconf 91' lang='lat' dir='ltr'>in</span> <span class='ocrx_word' id='word_1_89' title='bbox 1408 1553 1772 1592; x_wconf 84' lang='lat' dir='ltr'>Archidiaconatum</span> <span class='ocrx_word' id='word_1_90' title='bbox 1803 1553 2113 1592; x_wconf 84' lang='lat' dir='ltr'>Brechinensem.</span> <span class='ocrx_word' id='word_1_91' title='bbox 2171 1551 2241 1604; x_wconf 89' lang='lat'>[10</span> <span class='ocrx_word' id='word_1_92' title='bbox 2268 1554 2371 1603; x_wconf 87' lang='lat' dir='ltr'>Aug.</span> <span class='ocrx_word' id='word_1_93' title='bbox 2403 1553 2536 1607; x_wconf 63' lang='lat'>1462]</span> <span class='ocrx_word' id='word_1_94' title='bbox 2591 1554 2649 1592; x_wconf 83' lang='lat' dir='ltr'>Ex</span> 
     </span>
     <span class='ocr_line' id='line_1_12' title="bbox 906 1615 1351 1667; baseline -0.002 -12"><span class='ocrx_word' id='word_1_95' title='bbox 906 1617 1043 1656; x_wconf 88' lang='lat' dir='ltr'>iisdem</span> <span class='ocrx_word' id='word_1_96' title='bbox 1063 1615 1351 1667; x_wconf 87' lang='lat' dir='ltr'>monumentis.)</span> 
     </span>
    </p>
   </div>
   <div class='ocr_carea' id='block_1_7' title="bbox 434 1741 2650 1858">
    <p class='ocr_par' dir='ltr' id='par_1_7' title="bbox 434 1741 2650 1858">
     <span class='ocr_line' id='line_1_13' title="bbox 434 1741 2650 1792; baseline 0.002 -15"><span class='ocrx_word' id='word_1_97' title='bbox 434 1741 750 1780; x_wconf 86' lang='lat' dir='ltr'>CCCCXXXV.</span> <span class='ocrx_word' id='word_1_98' title='bbox 803 1743 971 1781; x_wconf 65' lang='lat' dir='ltr'>,Iohanni</span> <span class='ocrx_word' id='word_1_99' title='bbox 988 1743 1146 1781; x_wconf 83' lang='lat' dir='ltr'>Balfour</span> <span class='ocrx_word' id='word_1_100' title='bbox 1160 1744 1342 1792; x_wconf 89' lang='lat' dir='ltr'>episcopo</span> <span class='ocrx_word' id='word_1_101' title='bbox 1358 1743 1609 1781; x_wconf 84' lang='lat' dir='ltr'>Brechinensi</span> <span class='ocrx_word' id='word_1_102' title='bbox 1624 1749 1663 1780; x_wconf 90' lang='lat' dir='ltr'>ut</span> <span class='ocrx_word' id='word_1_103' title='bbox 1685 1743 1886 1781; x_wconf 84' lang='lat' dir='ltr'>ecclesiam</span> <span class='ocrx_word' id='word_1_104' title='bbox 1904 1742 1953 1781; x_wconf 90' lang='lat' dir='ltr'>de</span> <span class='ocrx_word' id='word_1_105' title='bbox 1974 1742 2151 1782; x_wconf 79' lang='lat' dir='ltr'>Conveth</span> <span class='ocrx_word' id='word_1_106' title='bbox 2171 1743 2309 1781; x_wconf 88' lang='lat' dir='ltr'>habeat</span> <span class='ocrx_word' id='word_1_107' title='bbox 2327 1744 2366 1781; x_wconf 90' lang='lat' dir='ltr'>in</span> <span class='ocrx_word' id='word_1_108' title='bbox 2387 1744 2650 1782; x_wconf 84' lang='lat' dir='ltr'>commendam</span> 
     </span>
     <span class='ocr_line' id='line_1_14' title="bbox 906 1802 1600 1858; baseline 0.001 -14"><span class='ocrx_word' id='word_1_109' title='bbox 906 1807 1095 1845; x_wconf 84' lang='lat' dir='ltr'>indultum</span> <span class='ocrx_word' id='word_1_110' title='bbox 1123 1811 1194 1846; x_wconf 77' lang='lat' dir='ltr'>est.</span> <span class='ocrx_word' id='word_1_111' title='bbox 1251 1802 1321 1857; x_wconf 88' lang='lat'>[29</span> <span class='ocrx_word' id='word_1_112' title='bbox 1342 1806 1444 1845; x_wconf 88' lang='lat' dir='ltr'>Nov.</span> <span class='ocrx_word' id='word_1_113' title='bbox 1468 1805 1600 1858; x_wconf 86' lang='lat'>1465.]</span> 
     </span>
    </p>
   </div>
   <div class='ocr_carea' id='block_1_8' title="bbox 414 1931 2648 2048">
    <p class='ocr_par' dir='ltr' id='par_1_8' title="bbox 414 1931 2648 2048">
     <span class='ocr_line' id='line_1_15' title="bbox 414 1931 2648 1984; baseline 0.001 -15"><span class='ocrx_word' id='word_1_114' title='bbox 414 1931 757 1971; x_wconf 88' lang='lat' dir='ltr'>CCCCXXXVI.</span> <span class='ocrx_word' id='word_1_115' title='bbox 813 1933 1048 1983; x_wconf 89' lang='lat' dir='ltr'>Indulgence</span> <span class='ocrx_word' id='word_1_116' title='bbox 1067 1938 1107 1971; x_wconf 89' lang='lat' dir='ltr'>to</span> <span class='ocrx_word' id='word_1_117' title='bbox 1125 1931 1232 1971; x_wconf 86' lang='lat' dir='ltr'>John</span> <span class='ocrx_word' id='word_1_118' title='bbox 1254 1932 1439 1982; x_wconf 82' lang='lat' dir='ltr'>Spalding</span> <span class='ocrx_word' id='word_1_119' title='bbox 1457 1933 1554 1971; x_wconf 87' lang='lat' dir='ltr'>dean</span> <span class='ocrx_word' id='word_1_120' title='bbox 1574 1934 1619 1970; x_wconf 84' lang='lat' dir='ltr'>of</span> <span class='ocrx_word' id='word_1_121' title='bbox 1647 1933 1811 1971; x_wconf 87' lang='lat' dir='ltr'>Brechin</span> <span class='ocrx_word' id='word_1_122' title='bbox 1832 1937 1874 1972; x_wconf 83' lang='lat' dir='ltr'>to</span> <span class='ocrx_word' id='word_1_123' title='bbox 1893 1933 1983 1971; x_wconf 86' lang='lat' dir='ltr'>hold</span> <span class='ocrx_word' id='word_1_124' title='bbox 2001 1933 2111 1972; x_wconf 83' lang='lat' dir='ltr'>other</span> <span class='ocrx_word' id='word_1_125' title='bbox 2130 1933 2322 1972; x_wconf 87' lang='lat' dir='ltr'>benefices</span> <span class='ocrx_word' id='word_1_126' title='bbox 2343 1935 2380 1970; x_wconf 93' lang='lat' dir='ltr'>in</span> <span class='ocrx_word' id='word_1_127' title='bbox 2400 1934 2648 1984; x_wconf 85' lang='lat' dir='ltr'>conjunction</span> 
     </span>
     <span class='ocr_line' id='line_1_16' title="bbox 911 1993 1704 2048; baseline 0.001 -16"><span class='ocrx_word' id='word_1_128' title='bbox 911 1995 1002 2033; x_wconf 85' lang='lat' dir='ltr'>with</span> <span class='ocrx_word' id='word_1_129' title='bbox 1022 1996 1081 2034; x_wconf 88' lang='lat' dir='ltr'>his</span> <span class='ocrx_word' id='word_1_130' title='bbox 1101 1996 1298 2046; x_wconf 81' lang='lat' dir='ltr'>Deanery.</span> <span class='ocrx_word' id='word_1_131' title='bbox 1354 1993 1423 2047; x_wconf 89' lang='grc'>[19</span> <span class='ocrx_word' id='word_1_132' title='bbox 1445 1996 1548 2034; x_wconf 59' lang='lat' dir='ltr'>Nom</span> <span class='ocrx_word' id='word_1_133' title='bbox 1571 1994 1704 2048; x_wconf 89' lang='grc'><strong>1467.]</strong></span> 
     </span>
    </p>
   </div>
   <div class='ocr_carea' id='block_1_9' title="bbox 390 2120 2648 2237">
    <p class='ocr_par' dir='ltr' id='par_1_9' title="bbox 390 2120 2648 2237">
     <span class='ocr_line' id='line_1_17' title="bbox 390 2120 2648 2177; baseline 0.002 -19"><span class='ocrx_word' id='word_1_134' title='bbox 390 2120 755 2160; x_wconf 86' lang='lat' dir='ltr'>CCCCXXXVII.</span> <span class='ocrx_word' id='word_1_135' title='bbox 810 2121 991 2160; x_wconf 82' lang='lat' dir='ltr'>Mandate</span> <span class='ocrx_word' id='word_1_136' title='bbox 1006 2128 1047 2160; x_wconf 92' lang='lat' dir='ltr'>to</span> <span class='ocrx_word' id='word_1_137' title='bbox 1066 2124 1197 2162; x_wconf 85' lang='lat' dir='ltr'>induet</span> <span class='ocrx_word' id='word_1_138' title='bbox 1210 2124 1344 2162; x_wconf 83' lang='lat' dir='ltr'>James</span> <span class='ocrx_word' id='word_1_139' title='bbox 1357 2122 1528 2162; x_wconf 86' lang='lat' dir='ltr'>Pitcairn</span> <span class='ocrx_word' id='word_1_140' title='bbox 1542 2123 1625 2162; x_wconf 84' lang='lat' dir='ltr'>into</span> <span class='ocrx_word' id='word_1_141' title='bbox 1644 2123 1709 2161; x_wconf 87' lang='lat' dir='ltr'>the</span> <span class='ocrx_word' id='word_1_142' title='bbox 1724 2122 2024 2173; x_wconf 78' lang='lat' dir='ltr'>Arehdeaconry</span> <span class='ocrx_word' id='word_1_143' title='bbox 2039 2123 2085 2162; x_wconf 85' lang='lat' dir='ltr'>of</span> <span class='ocrx_word' id='word_1_144' title='bbox 2100 2123 2278 2162; x_wconf 86' lang='lat' dir='ltr'>Brechin.</span> <span class='ocrx_word' id='word_1_145' title='bbox 2335 2122 2377 2175; x_wconf 89' lang='lat'>[8</span> <span class='ocrx_word' id='word_1_146' title='bbox 2402 2124 2491 2162; x_wconf 89' lang='lat' dir='ltr'>Oct.</span> <span class='ocrx_word' id='word_1_147' title='bbox 2515 2124 2648 2177; x_wconf 60' lang='lat'>1526]</span> 
     </span>
     <span class='ocr_line' id='line_1_18' title="bbox 911 2185 1360 2237; baseline -0.002 -12"><span class='ocrx_word' id='word_1_148' title='bbox 911 2185 1045 2237; x_wconf 85' lang='lat' dir='ltr'>(From</span> <span class='ocrx_word' id='word_1_149' title='bbox 1064 2186 1130 2225; x_wconf 85' lang='lat' dir='ltr'>the</span> <span class='ocrx_word' id='word_1_150' title='bbox 1151 2185 1360 2237; x_wconf 82' lang='lat' dir='ltr'>Original.)</span> 
     </span>
    </p>
   </div>
   <div class='ocr_carea' id='block_1_10' title="bbox 944 2460 2103 2512">
    <p class='ocr_par' dir='ltr' id='par_1_10' title="bbox 944 2460 2103 2512">
     <span class='ocr_line' id='line_1_19' title="bbox 944 2460 2103 2512; baseline 0 -2"><span class='ocrx_word' id='word_1_151' title='bbox 944 2461 1191 2511; x_wconf 87' lang='lat' dir='ltr'>ROTULI</span> <span class='ocrx_word' id='word_1_152' title='bbox 1237 2460 1592 2510; x_wconf 87' lang='lat' dir='ltr'>REDITUUM</span> <span class='ocrx_word' id='word_1_153' title='bbox 1640 2460 2103 2512; x_wconf 85' lang='lat' dir='ltr'>EPISCOPATUS.</span> 
     </span>
    </p>
   </div>
   <div class='ocr_carea' id='block_1_11' title="bbox 392 2622 2649 2804">
    <p class='ocr_par' dir='ltr' id='par_1_11' title="bbox 392 2622 2649 2804">
     <span class='ocr_line' id='line_1_20' title="bbox 392 2622 2649 2672; baseline 0.003 -13"><span class='ocrx_word' id='word_1_154' title='bbox 392 2622 777 2660; x_wconf 84' lang='lat' dir='ltr'>ccccxxxvm.</span> <span class='ocrx_word' id='word_1_155' title='bbox 809 2623 1039 2672; x_wconf 79' lang='lat' dir='ltr'>Compotum</span> <span class='ocrx_word' id='word_1_156' title='bbox 1053 2623 1197 2661; x_wconf 90' lang='lat' dir='ltr'>domini</span> <span class='ocrx_word' id='word_1_157' title='bbox 1214 2622 1375 2661; x_wconf 83' lang='lat' dir='ltr'>Henrici</span> <span class='ocrx_word' id='word_1_158' title='bbox 1389 2622 1437 2660; x_wconf 90' lang='lat' dir='ltr'>de</span> <span class='ocrx_word' id='word_1_159' title='bbox 1458 2622 1645 2672; x_wconf 89' lang='lat' dir='ltr'>Kingorn,</span> <span class='ocrx_word' id='word_1_160' title='bbox 1665 2624 1864 2661; x_wconf 81' lang='lat' dir='ltr'>camerarii</span> <span class='ocrx_word' id='word_1_161' title='bbox 1878 2624 1926 2662; x_wconf 87' lang='lat' dir='ltr'>de</span> <span class='ocrx_word' id='word_1_162' title='bbox 1942 2624 2134 2663; x_wconf 82' lang='lat' dir='ltr'>Garviach</span> <span class='ocrx_word' id='word_1_163' title='bbox 2154 2630 2193 2663; x_wconf 89' lang='lat' dir='ltr'>et</span> <span class='ocrx_word' id='word_1_164' title='bbox 2215 2625 2392 2671; x_wconf 85' lang='lat' dir='ltr'>Brechin‚</span> <span class='ocrx_word' id='word_1_165' title='bbox 2407 2625 2455 2664; x_wconf 88' lang='lat' dir='ltr'>de</span> <span class='ocrx_word' id='word_1_166' title='bbox 2475 2628 2649 2666; x_wconf 83' lang='lat' dir='ltr'>omnibus</span> 
     </span>
     <span class='ocr_line' id='line_1_21' title="bbox 913 2685 2649 2739; baseline 0.003 -15"><span class='ocrx_word' id='word_1_167' title='bbox 913 2687 1079 2735; x_wconf 86' lang='lat' dir='ltr'>receptis</span> <span class='ocrx_word' id='word_1_168' title='bbox 1107 2687 1185 2724; x_wconf 89' lang='lat' dir='ltr'>suis</span> <span class='ocrx_word' id='word_1_169' title='bbox 1213 2692 1254 2724; x_wconf 85' lang='lat' dir='ltr'>et</span> <span class='ocrx_word' id='word_1_170' title='bbox 1280 2685 1460 2736; x_wconf 78' lang='lat' dir='ltr'>expensis</span> <span class='ocrx_word' id='word_1_171' title='bbox 1489 2698 1558 2734; x_wconf 84' lang='lat' dir='ltr'>per</span> <span class='ocrx_word' id='word_1_172' title='bbox 1583 2685 1712 2723; x_wconf 79' lang='lat' dir='ltr'>firmas</span> <span class='ocrx_word' id='word_1_173' title='bbox 1739 2691 1779 2725; x_wconf 89' lang='lat' dir='ltr'>et</span> <span class='ocrx_word' id='word_1_174' title='bbox 1805 2687 1932 2725; x_wconf 84' lang='lat' dir='ltr'>exitus</span> <span class='ocrx_word' id='word_1_175' title='bbox 1960 2688 2074 2725; x_wconf 84' lang='lat' dir='ltr'>ballie</span> <span class='ocrx_word' id='word_1_176' title='bbox 2101 2701 2170 2726; x_wconf 88' lang='lat' dir='ltr'>sue</span> <span class='ocrx_word' id='word_1_177' title='bbox 2198 2689 2246 2727; x_wconf 91' lang='lat' dir='ltr'>de</span> <span class='ocrx_word' id='word_1_178' title='bbox 2274 2690 2443 2739; x_wconf 88' lang='lat' dir='ltr'>quinque</span> <span class='ocrx_word' id='word_1_179' title='bbox 2462 2693 2649 2729; x_wconf 80' lang='lat' dir='ltr'>terminis.</span> 
     </span>
     <span class='ocr_line' id='line_1_22' title="bbox 915 2746 2611 2804; baseline 0.004 -18"><span class='ocrx_word' id='word_1_180' title='bbox 915 2746 982 2799; x_wconf 94' lang='lat'>[11</span> <span class='ocrx_word' id='word_1_181' title='bbox 1007 2750 1109 2800; x_wconf 87' lang='lat' dir='ltr'>Aug.</span> <span class='ocrx_word' id='word_1_182' title='bbox 1132 2747 1266 2802; x_wconf 60' lang='lat'>1462]</span> <span class='ocrx_word' id='word_1_183' title='bbox 1320 2749 1374 2799; x_wconf 90' lang='lat' dir='ltr'>(E</span> <span class='ocrx_word' id='word_1_184' title='bbox 1394 2748 1548 2788; x_wconf 76' lang='lat' dir='ltr'>Rotulis</span> <span class='ocrx_word' id='word_1_185' title='bbox 1566 2749 1758 2788; x_wconf 80' lang='lat' dir='ltr'>Seaccarii</span> <span class='ocrx_word' id='word_1_186' title='bbox 1778 2749 1897 2801; x_wconf 87' lang='lat' dir='ltr'>Regis</span> <span class='ocrx_word' id='word_1_187' title='bbox 1916 2752 1954 2788; x_wconf 92' lang='lat' dir='ltr'>in</span> <span class='ocrx_word' id='word_1_188' title='bbox 1975 2751 2138 2800; x_wconf 86' lang='lat' dir='ltr'>publicis</span> <span class='ocrx_word' id='word_1_189' title='bbox 2156 2752 2322 2790; x_wconf 82' lang='lat' dir='ltr'>archivis</span> <span class='ocrx_word' id='word_1_190' title='bbox 2342 2754 2611 2804; x_wconf 85' lang='lat' dir='ltr'>conservatis.)</span> 
     </span>
    </p>
   </div>
   <div class='ocr_carea' id='block_1_12' title="bbox 418 2872 2652 2990">
    <p class='ocr_par' dir='ltr' id='par_1_12' title="bbox 418 2872 2652 2990">
     <span class='ocr_line' id='line_1_23' title="bbox 418 2872 2652 2925; baseline 0.003 -16"><span class='ocrx_word' id='word_1_191' title='bbox 418 2872 756 2911; x_wconf 82' lang='lat' dir='ltr'>CCCCXXXIX.</span> <span class='ocrx_word' id='word_1_192' title='bbox 814 2873 1044 2924; x_wconf 87' lang='lat' dir='ltr'>Compotum</span> <span class='ocrx_word' id='word_1_193' title='bbox 1070 2875 1216 2914; x_wconf 85' lang='lat' dir='ltr'>domini</span> <span class='ocrx_word' id='word_1_194' title='bbox 1245 2875 1429 2914; x_wconf 84' lang='lat' dir='ltr'>Willelmi</span> <span class='ocrx_word' id='word_1_195' title='bbox 1458 2874 1609 2925; x_wconf 85' lang='lat' dir='ltr'>Rynde,</span> <span class='ocrx_word' id='word_1_196' title='bbox 1637 2874 1847 2924; x_wconf 71' lang='lat' dir='ltr'>receptor-is</span> <span class='ocrx_word' id='word_1_197' title='bbox 1874 2874 2068 2913; x_wconf 81' lang='lat' dir='ltr'>firmarum</span> <span class='ocrx_word' id='word_1_198' title='bbox 2094 2875 2251 2913; x_wconf 85' lang='lat' dir='ltr'>dominii</span> <span class='ocrx_word' id='word_1_199' title='bbox 2279 2876 2327 2913; x_wconf 91' lang='lat' dir='ltr'>de</span> <span class='ocrx_word' id='word_1_200' title='bbox 2357 2877 2522 2915; x_wconf 85' lang='lat' dir='ltr'>Brechin</span> <span class='ocrx_word' id='word_1_201' title='bbox 2547 2886 2586 2916; x_wconf 88' lang='lat' dir='ltr'>et</span> <span class='ocrx_word' id='word_1_202' title='bbox 2605 2878 2652 2916; x_wconf 90' lang='lat' dir='ltr'>de</span> 
     </span>
     <span class='ocr_line' id='line_1_24' title="bbox 918 2935 2370 2990; baseline 0.001 -15"><span class='ocrx_word' id='word_1_203' title='bbox 918 2937 1061 2983; x_wconf 81' lang='lat' dir='ltr'>Nevar,</span> <span class='ocrx_word' id='word_1_204' title='bbox 1081 2939 1130 2978; x_wconf 87' lang='lat' dir='ltr'>de</span> <span class='ocrx_word' id='word_1_205' title='bbox 1148 2939 1298 2978; x_wconf 90' lang='lat' dir='ltr'>duobus</span> <span class='ocrx_word' id='word_1_206' title='bbox 1315 2939 1500 2978; x_wconf 77' lang='lat' dir='ltr'>terminis.</span> <span class='ocrx_word' id='word_1_207' title='bbox 1557 2936 1626 2990; x_wconf 88' lang='lat'>[28</span> <span class='ocrx_word' id='word_1_208' title='bbox 1644 2938 1671 2977; x_wconf 91' lang='lat' dir='ltr'>J</span> <span class='ocrx_word' id='word_1_209' title='bbox 1674 2938 1723 2976; x_wconf 88' lang='lat' dir='ltr'>ul</span> <span class='ocrx_word' id='word_1_210' title='bbox 1746 2935 1878 2989; x_wconf 86' lang='lat'>1463.]</span> <span class='ocrx_word' id='word_1_211' title='bbox 1933 2936 2014 2988; x_wconf 87' lang='lat' dir='ltr'>(Ex</span> <span class='ocrx_word' id='word_1_212' title='bbox 2031 2937 2167 2979; x_wconf 84' lang='lat' dir='ltr'>iisdem</span> <span class='ocrx_word' id='word_1_213' title='bbox 2187 2937 2350 2978; x_wconf 86' lang='lat' dir='ltr'>Rotulis.</span> <span class='ocrx_word' id='word_1_214' title='bbox 2354 2938 2370 2989; x_wconf 98' lang='lat'>)</span> 
     </span>
    </p>
   </div>
   <div class='ocr_carea' id='block_1_13' title="bbox 531 3061 2651 3183">
    <p class='ocr_par' dir='ltr' id='par_1_13' title="bbox 531 3061 2651 3183">
     <span class='ocr_line' id='line_1_25' title="bbox 531 3061 2651 3118; baseline 0.003 -19"><span class='ocrx_word' id='word_1_215' title='bbox 531 3061 757 3101; x_wconf 89' lang='lat' dir='ltr'>CCCCXL.</span> <span class='ocrx_word' id='word_1_216' title='bbox 812 3064 976 3104; x_wconf 81' lang='lat' dir='ltr'>Rentale</span> <span class='ocrx_word' id='word_1_217' title='bbox 1010 3065 1049 3106; x_wconf 88' lang='lat' dir='ltr'>S.</span> <span class='ocrx_word' id='word_1_218' title='bbox 1083 3066 1135 3105; x_wconf 90' lang='lat' dir='ltr'>D.</span> <span class='ocrx_word' id='word_1_219' title='bbox 1169 3066 1290 3118; x_wconf 84' lang='lat' dir='ltr'>Regis</span> <span class='ocrx_word' id='word_1_220' title='bbox 1322 3092 1337 3108; x_wconf 87' lang='grc'><strong>.</strong></span> <span class='ocrx_word' id='word_1_221' title='bbox 1374 3065 1557 3104; x_wconf 72' lang='lat' dir='ltr'>Dominis</span> <span class='ocrx_word' id='word_1_222' title='bbox 1592 3065 1640 3104; x_wconf 90' lang='lat' dir='ltr'>de</span> <span class='ocrx_word' id='word_1_223' title='bbox 1678 3064 1844 3103; x_wconf 82' lang='lat' dir='ltr'>Brechin</span> <span class='ocrx_word' id='word_1_224' title='bbox 1879 3068 1922 3103; x_wconf 83' lang='lat' dir='ltr'>et</span> <span class='ocrx_word' id='word_1_225' title='bbox 1958 3062 2090 3102; x_wconf 81' lang='lat' dir='ltr'>Nevar</span> <span class='ocrx_word' id='word_1_226' title='bbox 2125 3065 2300 3104; x_wconf 84' lang='lat' dir='ltr'>assedata</span> <span class='ocrx_word' id='word_1_227' title='bbox 2336 3066 2437 3115; x_wconf 84' lang='lat' dir='ltr'>apud</span> <span class='ocrx_word' id='word_1_228' title='bbox 2475 3066 2651 3106; x_wconf 85' lang='lat' dir='ltr'>Brechin.</span> 
     </span>
     <span class='ocr_line' id='line_1_26' title="bbox 920 3124 2373 3183; baseline 0 -18"><span class='ocrx_word' id='word_1_229' title='bbox 920 3124 1007 3178; x_wconf 89' lang='lat' dir='ltr'>[ult.</span> <span class='ocrx_word' id='word_1_230' title='bbox 1029 3128 1121 3168; x_wconf 85' lang='lat' dir='ltr'>Feb.</span> <span class='ocrx_word' id='word_1_231' title='bbox 1144 3130 1263 3168; x_wconf 85' lang='lat'>1484-</span> <span class='ocrx_word' id='word_1_232' title='bbox 1265 3130 1301 3168; x_wconf 90' lang='grc'>5.</span> <span class='ocrx_word' id='word_1_233' title='bbox 1306 3128 1323 3183; x_wconf 95' lang='grc'>]</span> <span class='ocrx_word' id='word_1_234' title='bbox 1379 3128 1458 3181; x_wconf 81' lang='lat' dir='ltr'>(Ex</span> <span class='ocrx_word' id='word_1_235' title='bbox 1475 3129 1573 3167; x_wconf 84' lang='lat' dir='ltr'>libro</span> <span class='ocrx_word' id='word_1_236' title='bbox 1596 3127 1803 3166; x_wconf 86' lang='lat' dir='ltr'>Redituum</span> <span class='ocrx_word' id='word_1_237' title='bbox 1824 3126 1972 3177; x_wconf 87' lang='lat' dir='ltr'>Regis</span> <span class='ocrx_word' id='word_1_238' title='bbox 1963 3139 2002 3164; x_wconf 77' lang='lat' dir='ltr'>in</span> <span class='ocrx_word' id='word_1_239' title='bbox 2021 3125 2155 3165; x_wconf 84' lang='lat' dir='ltr'>iisdem</span> <span class='ocrx_word' id='word_1_240' title='bbox 2175 3127 2373 3176; x_wconf 84' lang='lat' dir='ltr'>archivis.)</span> 
     </span>
    </p>
   </div>
   <div class='ocr_carea' id='block_1_14' title="bbox 512 3249 2652 3370">
    <p class='ocr_par' dir='ltr' id='par_1_14' title="bbox 512 3249 2652 3370">
     <span class='ocr_line' id='line_1_27' title="bbox 512 3249 2652 3306; baseline 0.003 -19"><span class='ocrx_word' id='word_1_241' title='bbox 512 3249 762 3291; x_wconf 84' lang='lat' dir='ltr'>CCCCXLI.</span> <span class='ocrx_word' id='word_1_242' title='bbox 804 3252 904 3292; x_wconf 73' lang='lat' dir='ltr'>&#39;The</span> <span class='ocrx_word' id='word_1_243' title='bbox 933 3253 1086 3292; x_wconf 86' lang='lat' dir='ltr'>Rentall</span> <span class='ocrx_word' id='word_1_244' title='bbox 1103 3255 1149 3293; x_wconf 84' lang='lat' dir='ltr'>of</span> <span class='ocrx_word' id='word_1_245' title='bbox 1170 3255 1235 3295; x_wconf 88' lang='lat' dir='ltr'>the</span> <span class='ocrx_word' id='word_1_246' title='bbox 1256 3255 1486 3306; x_wconf 80' lang='lat' dir='ltr'>Bishoprick</span> <span class='ocrx_word' id='word_1_247' title='bbox 1503 3255 1549 3294; x_wconf 82' lang='lat' dir='ltr'>of</span> <span class='ocrx_word' id='word_1_248' title='bbox 1573 3255 1750 3300; x_wconf 86' lang='lat' dir='ltr'>Brechin‚</span> <span class='ocrx_word' id='word_1_249' title='bbox 1778 3253 1871 3292; x_wconf 87' lang='lat' dir='ltr'>both</span> <span class='ocrx_word' id='word_1_250' title='bbox 1890 3253 2133 3303; x_wconf 81' lang='lat' dir='ltr'>spiritualitie</span> <span class='ocrx_word' id='word_1_251' title='bbox 2158 3254 2232 3292; x_wconf 82' lang='lat' dir='ltr'>and</span> <span class='ocrx_word' id='word_1_252' title='bbox 2251 3255 2518 3304; x_wconf 80' lang='lat' dir='ltr'>temporalitie,</span> <span class='ocrx_word' id='word_1_253' title='bbox 2537 3257 2652 3306; x_wconf 87' lang='lat' dir='ltr'>gevin</span> 
     </span>
     <span class='ocr_line' id='line_1_28' title="bbox 921 3314 2641 3370; baseline 0.002 -16"><span class='ocrx_word' id='word_1_254' title='bbox 921 3329 971 3366; x_wconf 93' lang='lat' dir='ltr'>up</span> <span class='ocrx_word' id='word_1_255' title='bbox 990 3317 1037 3355; x_wconf 93' lang='lat' dir='ltr'>be</span> <span class='ocrx_word' id='word_1_256' title='bbox 1056 3317 1188 3357; x_wconf 82' lang='lat' dir='ltr'>James</span> <span class='ocrx_word' id='word_1_257' title='bbox 1209 3318 1406 3369; x_wconf 82' lang='lat' dir='ltr'>Campbell</span> <span class='ocrx_word' id='word_1_258' title='bbox 1425 3318 1471 3357; x_wconf 79' lang='lat' dir='ltr'>of</span> <span class='ocrx_word' id='word_1_259' title='bbox 1484 3317 1704 3369; x_wconf 77' lang='lat' dir='ltr'>Arkinglas.</span> <span class='ocrx_word' id='word_1_260' title='bbox 1759 3314 1829 3369; x_wconf 89' lang='lat'>[28</span> <span class='ocrx_word' id='word_1_261' title='bbox 1845 3317 1936 3355; x_wconf 69' lang='lat' dir='ltr'>‘Jun.</span> <span class='ocrx_word' id='word_1_262' title='bbox 1960 3315 2137 3369; x_wconf 83' lang='lat'>1573-4.]</span> <span class='ocrx_word' id='word_1_263' title='bbox 2194 3315 2327 3367; x_wconf 86' lang='lat' dir='ltr'>(From</span> <span class='ocrx_word' id='word_1_264' title='bbox 2347 3318 2412 3357; x_wconf 84' lang='lat' dir='ltr'>the</span> <span class='ocrx_word' id='word_1_265' title='bbox 2434 3318 2641 3370; x_wconf 79' lang='lat' dir='ltr'>original.)</span> 
     </span>
    </p>
   </div>
  </div>
 </body>
</html>
