2950 3970
633 614 1095 676 REGISTRUM
1134 623 1673 683 EPISCOPATUS
1717 630 2304 690 BRECHINENSIS.
2366 637 2478 696 217

554 800 696 851 lelmo
748 833 756 842 ι
811 834 821 843 -
875 836 884 845 ·
937 810 1157 875 episcopo
1195 813 1502 865 Brechinensi
1551 818 1727 865 decano
1769 823 1817 866 et
1859 820 2096 869 canonicis
2149 822 2471 885 capitulariter

554 894 846 955 congregatis
886 895 933 943 in
975 899 1112 947 domo
1147 902 1395 965 capitulari
1429 904 1720 966 judicialiter
1749 908 2020 957 sedentibus
2054 911 2103 956 et
2137 910 2280 958 tactis
2314 926 2468 959 sacro·

553 986 731 1035 sanctis
766 988 859 1037 Dei
905 993 1161 1056 euangeliis
1195 1011 1362 1059 magno
1389 998 1659 1059 juramento
1694 999 2035 1048 interueniente
2063 1001 2243 1063 jurauit
2287 1018 2343 1050 ac
2391 1005 2469 1051 de·

551 1075 708 1135 posuit
747 1079 870 1140 quod
911 1096 1174 1146 nuncquam
1211 1083 1342 1133 dedit
1382 1087 1696 1135 reuersionem
1733 1088 1920 1136 domino
1945 1090 2002 1136 de
2029 1081 2292 1138 Pettarrow
2317 1107 2465 1155 neque

550 1162 691 1211 alicui
714 1165 852 1214 alteri
873 1184 957 1216 suo
981 1171 1167 1219 nomine
1206 1200 1216 1210 ·
1255 1173 1319 1220 Et
1343 1175 1465 1236 quod
1499 1174 1654 1223 nullas
1676 1175 1795 1224 alias
1819 1177 2081 1225 euidentias
2104 1182 2260 1227 cartas
2296 1179 2463 1227 instru-

549 1257 709 1301 menta
745 1270 895 1319 neque
920 1274 1211 1323 quecumque
1247 1260 1342 1309 alia
1380 1263 1660 1310 documenta
1687 1264 1851 1312 habuit
1886 1265 1975 1313 nisi
2010 1281 2099 1329 que
2123 1270 2172 1314 et
2197 1282 2313 1330 quas
2336 1267 2463 1330 prius

547 1341 826 1392 deliberauit
865 1374 875 1383 -
915 1347 979 1394 Et
1025 1349 1226 1397 asseruit
1263 1365 1320 1397 ac
1359 1351 1574 1414 deposuit
1622 1353 1744 1415 quod
1794 1351 2027 1401 Ricardus
2073 1353 2314 1417 Chapman
2361 1363 2462 1403 erat

546 1429 750 1480 balliuus
771 1436 985 1498 tempore
1009 1451 1091 1484 sue
1115 1436 1448 1486 infeodationis
1485 1443 1534 1486 et
1571 1439 1770 1487 tradidit
1807 1440 1896 1488 sibi
1935 1440 2093 1488 Dauid
2131 1446 2306 1490 statum
2330 1444 2463 1491 saisi-

544 1534 652 1566 nam
678 1524 726 1568 et
749 1523 1091 1584 possessionem
1115 1525 1449 1574 hereditariam
1473 1527 1610 1575 unius
1633 1527 1891 1575 tenementi
1922 1527 2126 1589 jacentis
2150 1529 2271 1576 infra
2294 1531 2461 1578 ciuita-

541 1611 638 1655 tem
665 1609 1030 1659 Brechinensem
1055 1612 1180 1661 inter
1195 1617 1349 1662 terras
1369 1614 1563 1662 Ricardi
1585 1615 1759 1678 Turing
1782 1631 1842 1662 ex
1865 1631 1958 1663 una
1981 1620 2029 1664 et
2053 1621 2204 1666 terras
2230 1617 2455 1666 Willelmi

542 1696 794 1746 Fordoune
817 1700 1031 1762 partibus
1053 1701 1113 1748 ab
1137 1700 1290 1749 altera
1327 1730 1336 1739 ·
1374 1702 1440 1750 Et
1465 1703 1619 1751 dictus
1643 1703 1800 1751 Dauid
1826 1704 2042 1767 deposuit
2080 1709 2134 1754 ut
2171 1706 2300 1769 prius
2333 1708 2455 1769 quod

542 1785 809 1835 Edwardus
838 1788 1040 1836 Roberti
1066 1793 1168 1837 erat
1192 1790 1405 1838 notarius
1438 1795 1651 1854 tempore
1691 1792 2020 1841 infeodationis
2057 1793 2173 1841 dicti
2211 1794 2367 1842 Dauid
2408 1796 2453 1842 in

539 1874 667 1922 dicta
690 1879 820 1923 terra
843 1880 891 1924 et
916 1877 1043 1940 cepit
1067 1877 1428 1927 instrumentum
1454 1879 1511 1926 de
1536 1879 1700 1926 eodem
1726 1880 1962 1928 Edwardo
1986 1882 2107 1944 quod
2146 1882 2205 1929 ad
2238 1882 2451 1930 effectum

537 1964 726 2011 minime
774 1965 889 2027 erigi
938 1965 1054 2014 fecit
1106 1993 1116 2003 ·
1168 1966 1234 2014 Et
1278 1967 1491 2014 dominus
1539 1967 1810 2015 Alexander
1856 1968 1965 2031 Hog
2010 1969 2292 2032 Capelianus
2337 1971 2454 2019 cita-

534 2057 612 2100 tus
636 2056 685 2100 et
710 2057 903 2102 vocatus
937 2054 1199 2118 comparuit
1228 2055 1417 2116 juratus
1451 2070 1606 2103 coram
1643 2055 1770 2104 dicto
1806 2057 2061 2104 reuerendo
2085 2062 2218 2120 patre
2243 2062 2291 2106 et
2315 2074 2453 2106 cano-

533 2142 651 2189 nicis
669 2141 961 2203 judicialiter
983 2142 1256 2191 sedentibus
1280 2143 1496 2206 deposuit
1521 2144 1645 2206 quod
1670 2144 1941 2207 superuenit
1966 2160 2069 2192 cum
2094 2145 2128 2191 J
2131 2146 2278 2192 acobo
2304 2146 2445 2209 Rynd

533 2231 720 2278 domino
757 2232 814 2278 de
852 2230 1012 2279 Cassis
1035 2235 1084 2279 et
1109 2231 1373 2279 Broxmont
1411 2235 1460 2279 et
1498 2246 1689 2294 presens
1725 2231 1815 2279 fuit
1853 2235 1901 2279 et
1938 2232 1984 2279 in
2022 2236 2192 2280 testem
2232 2238 2447 2297 receptus

532 2320 719 2383 quando
744 2320 899 2368 dictus
923 2319 1159 2368 Ricardus
1184 2319 1470 2368 ministr-anit
1509 2323 1556 2366 et
1595 2319 1725 2367 dedit
1749 2319 2089 2382 possessionem
2114 2321 2446 2369 hereditariam

531 2408 647 2456 dicti
670 2407 930 2456 tenementi
955 2407 1084 2456 dicto
1109 2407 1268 2455 Dauid
1293 2408 1548 2456 secundum
1571 2407 1664 2454 vim
1690 2407 1886 2456 formam
1922 2411 2131 2456 tenorem
2157 2412 2206 2456 et
2229 2409 2447 2457 effectum

529 2513 611 2546 sue
636 2501 767 2545 carte
791 2497 881 2545 sibi
905 2496 1064 2544 Dauid
1088 2511 1228 2559 super
1250 2496 1415 2543 eodem
1433 2498 1704 2543 tenemento
1727 2511 1811 2558 per
1837 2495 2073 2543 dominum
2100 2497 2158 2544 de
2183 2497 2447 2544 Pettarrow

530 2587 730 2649 desuper
753 2585 968 2633 confecte
1005 2614 1015 2623 ·
1051 2585 1203 2648 Super
1226 2584 1394 2647 quibus
1427 2583 1642 2631 omnibus
1665 2587 1714 2630 et
1738 2582 1934 2645 singulis
1959 2583 2188 2645 Magister
2213 2583 2446 2632 Henricus

529 2673 809 2737 Carmychel
835 2678 991 2721 rector
1014 2674 1072 2720 de
1098 2673 1307 2720 Lethnot
1331 2688 1361 2718 a
1383 2687 1457 2718 me
1482 2671 1666 2718 notario
1691 2670 1878 2734 publico
1919 2671 2181 2734 subscripto
2218 2671 2307 2719 sibi
2344 2672 2442 2719 fieri

527 2763 667 2827 petiit
704 2791 714 2800 ·
754 2791 764 2800 ·
804 2790 814 2800 ·
851 2762 1209 2810 instrumentum
1249 2787 1260 2797 ·
1297 2761 1422 2806 Acta
1445 2762 1579 2806 erant
1604 2759 1691 2806 hec
1715 2758 1762 2805 in
1787 2759 1924 2806 domo
1949 2758 2194 2821 capitulari
2221 2758 2444 2806 Brechin-

528 2852 627 2899 ensi
666 2880 675 2889 ·
715 2879 724 2889 ·
765 2879 774 2889 ·
813 2849 1120 2898 Presentibus
1143 2848 1315 2895 ibidem
1341 2846 1683 2895 venerabilibus
1720 2862 1776 2894 ac
1815 2846 2166 2909 circumspectis
2190 2846 2301 2894 viris
2339 2847 2443 2894 Ma-

525 2941 685 3004 gistris
722 2940 923 3002 Hugone
949 2937 1184 3000 Douglass
1224 2937 1402 2983 decano
1427 2935 1744 2989 Brechinensi‚
1786 2934 2027 2982 Willelmo
2066 2933 2300 2981 Meldrum
2338 2951 2442 2998 pre-

527 3034 732 3084 centore,
770 3028 988 3076 Walter-0
1024 3028 1268 3074 Fentoune
1301 3017 1593 3078 cancellario,
1622 3022 1897 3070 Alexandro
1935 3021 2167 3069 Meldrum
2207 3022 2266 3069 de
2304 3023 2439 3085 Segy,

527 3118 727 3166 dominis
766 3116 924 3164 Dauid
962 3113 1243 3176 Outhirlony
1283 3112 1457 3159 vicario
1495 3112 1553 3158 de
1594 3111 1840 3172 Monzeky,
1879 3114 1928 3158 et
1964 3109 1998 3156 J
2002 3110 2199 3158 ohanne*
2224 3110 2438 3173 Erskyne

527 3207 700 3254 vicario
725 3206 782 3252 de
809 3203 1114 3266 Abirlempno
1138 3216 1243 3249 cum
1268 3199 1464 3247 diuersis
1487 3197 1593 3246 aliis
1630 3226 1640 3236 ·
1678 3225 1689 3236 ·

595 3296 660 3342 Et
698 3310 783 3357 ego
823 3291 1068 3339 Walterus
1106 3289 1247 3337 Clerk
1282 3286 1512 3351 presbiter
1536 3285 1865 3334 Brechinensis
1889 3285 2100 3333 dioecesis
2122 3284 2338 3348 publicus
2359 3301 2438 3333 au-

524 3385 721 3433 toritate
745 3379 1005 3446 apostolica
1030 3383 1078 3426 et
1103 3375 1247 3440 regali
1269 3374 1480 3423 notarius
1517 3401 1527 3411 ·
1565 3402 1575 3411 ·
1614 3402 1625 3411 ·

1391 3461 1454 3508 28
