2950 3970
511 664 580 716 16
648 659 1118 741 REGISTRUM'
1147 657 1683 719 EPISCOPATUS
1725 659 2316 716 BRECHINENSIS.

512 851 699 911 Anguss
726 846 967 894 Willelmo
1002 846 1174 894 comite
1211 847 1268 893 de
1306 845 1518 908 Donglas
1553 847 1910 910 consanguineis
1943 847 2117 896 nostris
2146 847 2347 910 Hugone
2385 848 2444 894 de

515 936 782 998 Eglentoun
800 935 834 981 J
838 934 1021 982 ohanne
1041 934 1098 981 de
1119 934 1350 981 Prestoun
1369 937 1417 980 et
1439 934 1626 996 Rogero
1644 935 1702 981 de
1725 934 1990 983 Mortumar
2003 934 2243 984 militibus.
2302 936 2442 998 Apud

516 1023 783 1085 Striuelyne
810 1022 1032 1070 vicesimo
1054 1021 1203 1068 tercio
1228 1021 1303 1068 die
1331 1021 1501 1068 Marcii
1525 1037 1648 1069 anno
1673 1023 1802 1085 regni
1826 1023 1975 1072 nostri
1998 1023 2251 1071 tricesimo.

515 1234 729 1281 Donacio
755 1231 1119 1295 capellaniarum
1146 1231 1203 1277 de
1229 1231 1429 1278 Dwnne.

428 1378 488 1424 13
524 1346 808 1424 Uniuersis
830 1380 928 1423 tam
952 1376 1156 1438 posteris
1190 1391 1328 1439 quam
1365 1377 1662 1439 presentibus
1696 1381 1940 1440 presentes
1974 1376 2138 1425 literas
2161 1376 2442 1441 inspecturis

516 1465 754 1512 Robertus
788 1466 846 1511 de
884 1464 1100 1526 Erskyne
1125 1463 1340 1512 dominus
1363 1464 1572 1512 eiusdem
1607 1468 1656 1512 et
1690 1464 1883 1512 baronie
1919 1466 1977 1512 de
2014 1465 2139 1514 Dwn
2163 1465 2364 1514 salutem
2397 1466 2445 1513 in

515 1553 721 1599 Domino
744 1552 1091 1615 sempiternam.
1169 1551 1367 1600 Nouerit
1392 1552 1676 1601 uniuersitas
1700 1557 1858 1601 vestra
1893 1555 2016 1617 quod
2053 1570 2138 1617 ego
2172 1571 2256 1618 pro
2292 1554 2445 1603 salute

516 1641 671 1688 anime
708 1657 810 1688 mee
846 1644 895 1688 et
930 1640 1189 1688 animarum
1225 1644 1474 1703 parentum
1509 1645 1558 1689 et
1591 1641 1847 1688 amicorum
1873 1657 2079 1689 meorum
2109 1642 2444 1690 infeodauerim

515 1745 599 1790 per
621 1733 801 1776 cartam
837 1733 886 1776 et
920 1745 950 1776 a
985 1728 1174 1776 domino
1197 1732 1360 1776 nostro
1395 1744 1502 1791 rege
1538 1744 1624 1791 ego
1658 1730 2005 1792 procurauerim
2030 1730 2293 1778 confirmari
2328 1732 2447 1779 duos

517 1817 789 1880 capellanos
829 1817 1125 1865 celebrantes
1162 1821 1210 1864 et
1255 1816 1600 1880 imperpetuum
1647 1815 1969 1865 celebraturos
2004 1818 2065 1865 ad
2109 1817 2261 1866 altare
2302 1819 2444 1866 beate

519 1906 673 1952 Marie
712 1905 923 1967 Virginis
948 1906 996 1952 in
1021 1904 1282 1953 cathedrali
1318 1903 1520 1952 ecclesia
1545 1904 1852 1952 Brechinensi
1889 1905 1936 1952 in
1972 1909 2078 1954 tota
2110 1905 2193 1953 illa
2226 1915 2447 1969 proparte

515 1994 706 2040 baronie
743 1995 800 2041 de
837 1994 1010 2040 Dunde
1045 1998 1145 2040 tam
1180 1992 1303 2040 infra
1326 1993 1520 2054 burgum
1545 2008 1686 2056 quam
1710 1996 1849 2040 extra
1870 1997 1971 2040 tam
1995 1994 2044 2040 in
2068 2010 2223 2041 annuo
2258 1995 2446 2042 redditu

515 2098 652 2145 quam
690 2086 831 2129 terra.
903 2081 1247 2144 Quamquidem
1281 2084 1553 2143 propartem
1588 2080 1782 2128 baronie
1818 2080 1973 2129 dictus
2020 2082 2236 2130 dominus
2285 2087 2447 2131 noster

515 2186 598 2216 rex
623 2171 765 2216 michi
790 2186 874 2232 pro
908 2185 985 2216 me
1019 2168 1272 2217 heredibus
1295 2168 1415 2216 meis
1450 2172 1500 2216 et
1534 2169 1786 2231 assignatis
1821 2169 2191 2233 quibuscumque
2216 2171 2361 2219 etiam
2386 2173 2446 2219 ad

514 2273 704 2305 manum
725 2261 961 2304 mortuam
988 2257 1222 2304 concessit
1244 2256 1529 2304 hereditarie
1553 2260 1602 2304 et
1627 2256 1835 2304 donauit.
1906 2257 2117 2321 Cumque
2134 2262 2296 2306 tamen
2321 2259 2448 2307 dicte

515 2346 705 2393 baronie
730 2346 965 2409 propartis
989 2345 1201 2408 predicte
1236 2344 1435 2392 liberum
1461 2349 1784 2393 tenementum
1821 2347 1881 2393 ad
1918 2346 2162 2395 mulierem
2198 2347 2446 2410 ingenuam

515 2435 753 2481 dominam
774 2434 807 2481 J
813 2434 1044 2481 ohannam
1064 2433 1354 2481 comitissam
1371 2434 1428 2480 de
1446 2433 1672 2481 Strathne
1690 2432 2021 2501 [Stratherne]
2038 2452 2124 2499 pro
2138 2452 2248 2483 ecce
2267 2435 2387 2497 [vite
2401 2438 2444 2502 2]

514 2539 596 2570 sue
621 2527 834 2585 tempore
855 2523 1026 2569 debeat
1045 2521 1282 2584 pertinere
1307 2521 1469 2569 volens
1491 2525 1544 2569 ut
1567 2521 1740 2584 prefati
1758 2522 1991 2585 capellani
2009 2524 2113 2577 sint¹
2124 2524 2271 2572 etiam
2289 2525 2447 2572 medio

514 2616 726 2674 tempore
761 2615 860 2658 tam
898 2614 1047 2658 strate
1085 2625 1225 2673 quam
1260 2613 1479 2672 prompte
1515 2610 1572 2656 de
1608 2610 1705 2657 suis
1739 2609 1924 2658 salariis
1969 2611 2207 2660 deseruiti.
2279 2613 2447 2676 Obligo

513 2715 588 2746 me
614 2703 662 2746 et
686 2699 882 2746 heredes
905 2713 1037 2745 meos
1071 2713 1128 2745 ac
1161 2702 1314 2745 totam
1338 2697 1582 2745 baroniam
1606 2713 1762 2745 meam
1797 2699 1856 2745 de
1892 2698 2047 2747 Dwne
2069 2701 2358 2748 antedictam
2384 2703 2445 2749 ad

516 2787 791 2835 soluendum
839 2785 1096 2849 capellanis
1141 2785 1368 2848 predictis
1422 2785 1664 2833 annuatim
1718 2786 1841 2849 apud
1898 2786 2131 2834 Brechine
2187 2804 2273 2851 per
2329 2790 2446 2838 duas

516 2876 755 2938 portiones
789 2873 980 2937 equales
1014 2874 1074 2921 ad
1108 2874 1233 2921 festa
1266 2873 1450 2922 scilicet
1485 2872 1659 2921 natalis
1695 2873 1890 2921 Domini
1925 2878 1975 2922 et
2009 2875 2277 2924 natiuitatis
2316 2877 2445 2925 beati

515 2967 548 3012 J
553 2964 749 3013 ohannis
773 2963 992 3027 Baptiste
1018 2963 1177 3010 decem
1212 2962 1357 3010 libras
1379 2961 1708 3024 sterlingorum
1745 2963 1803 3009 de
1837 2962 1985 3010 firmis
2007 2962 2134 3010 dicte
2158 2963 2349 3012 baronie
2385 2966 2443 3013 de

520 3055 644 3100 Dwn
682 3068 767 3115 per
789 3067 956 3099 manus
979 3050 1141 3098 balliui
1165 3050 1375 3098 euisdem
1412 3065 1497 3113 per
1533 3053 1688 3098 totum
1727 3050 1888 3112 ipsum,
1921 3053 2111 3114 tempus
2145 3067 2237 3114 quo
2259 3054 2450 3115 prefata·

519 3156 715 3204 propars
747 3139 940 3186 baronie
976 3139 1034 3186 de
1075 3138 1229 3187 Dwne
1265 3137 1407 3186 fuerit
1447 3154 1532 3201 per
1567 3138 1856 3186 comitissam
1891 3138 2154 3201 predictam
2190 3142 2330 3188 modo
2353 3159 2445 3205 quo

520 3229 814 3292 premittitur
848 3231 1091 3289 occupata.
1163 3227 1269 3281 Qua
1303 3242 1412 3274 vero
1438 3226 1746 3290 occupatione
1771 3230 1987 3275 cessante
2015 3227 2187 3289 prefati
2211 3229 2442 3292 capellani

520 3322 684 3365 tenore
718 3315 930 3379 predicte
965 3314 1297 3363 infeodationis
1330 3330 1412 3363 sue
1447 3313 1684 3377 propartis
1718 3314 1911 3362 baronie
1956 3315 2169 3378 predicte
2215 3316 2263 3363 in
2311 3318 2443 3367 cuius
