2950 3970
717 608 1180 664 REGISTRUM
1219 611 1754 669 EPISCOPATUS
1795 615 2377 673 BRECHINENSIS.
2418 621 2486 674 89

570 805 780 853 Lethnot
806 804 1091 870 Glenberwy
1115 807 1358 872 dictasque
1382 808 1636 872 dignitates
1659 814 1707 857 et
1732 812 1991 874 prebendas
2019 811 2135 860 alias
2169 812 2485 860 obtinentibus

569 893 713 941 etiam
737 892 1055 957 pariformiter
1084 911 1170 959 pro
1206 897 1499 946 vestimentis
1535 902 1583 946 et
1621 900 1907 948 ornamentis
1941 901 2136 963 prefatis
2169 905 2242 949 tot
2277 917 2337 948 ex
2371 901 2483 963 ipsis

570 981 775 1031 marchis
798 985 848 1030 et
871 981 1034 1032 solidis
1058 988 1173 1047 quot
1197 1000 1358 1033 eorum
1392 985 1500 1034 inde
1536 1003 1828 1037 successores
1850 1005 1934 1051 per
1957 988 2298 1037 conclusionem
2323 994 2371 1036 et
2395 993 2489 1037 sta-

570 1075 728 1119 tutum
752 1071 1020 1121 huiusmodi
1043 1073 1319 1137 contingunt
1342 1074 1462 1123 infra
1486 1091 1657 1123 annum
1693 1092 1723 1124 a
1752 1081 1961 1140 tempore
1987 1093 2078 1140 quo
2101 1077 2386 1140 presentium
2413 1076 2489 1124 lit-

570 1166 779 1209 tera-rum
803 1161 1023 1210 notitiam
1048 1162 1296 1211 habuerint
1320 1164 1389 1212 eis
1412 1180 1528 1227 quos
1564 1164 1654 1228 ipsi
1679 1165 1946 1228 Capitulum
1983 1166 2042 1212 ad
2078 1165 2125 1211 id
2160 1165 2488 1227 deputauerint

573 1251 828 1299 efficaciter
851 1251 1119 1315 persoluere
1144 1253 1346 1300 debeant
1371 1257 1419 1300 et
1442 1257 1694 1301 teneantur
1732 1282 1740 1290 -
1779 1252 2001 1316 Alioquin
2041 1254 2142 1316 ipso
2174 1269 2295 1300 anno
2330 1252 2488 1315 elapso

573 1341 723 1388 donec
761 1339 1044 1388 solutionem
1080 1340 1345 1389 huiusmodi
1381 1341 1579 1389 fecerint
1616 1341 1675 1388 ab
1713 1342 1917 1389 omnium
1952 1341 2373 1390 ecclesiasticorum
2399 1357 2487 1403 que

573 1428 692 1477 alias
715 1429 784 1477 eis
806 1428 981 1477 ibidem
1005 1429 1167 1477 debita
1199 1429 1353 1477 forent
1390 1429 1623 1477 fructuum
1660 1434 1708 1478 et
1744 1430 2156 1478 emolumentorum
2194 1430 2492 1493 perceptione

575 1519 669 1566 sint
695 1517 908 1582 suspensi
946 1546 956 1556 ·
993 1517 1150 1566 Tenor
1172 1533 1283 1565 vero
1306 1517 1604 1566 instrumenti
1627 1518 1892 1566 huiusmodi
1916 1517 2127 1581 sequitur
2149 1522 2198 1565 et
2231 1522 2304 1566 est
2331 1517 2443 1565 talis
2482 1546 2491 1554 ·

576 1608 636 1654 In
660 1607 847 1655 nomine
884 1606 1060 1655 domini
1098 1635 1108 1644 ·
1148 1635 1156 1644 -
1197 1635 1206 1644 ·
1243 1607 1373 1671 (etc.)
1413 1635 1422 1644 ·
1461 1606 1605 1670 (Vide
1631 1606 1717 1653 No.
1743 1606 1826 1664 45)
1869 1635 1877 1642 ·

645 1696 774 1744 Nulli
799 1712 909 1760 ergo
932 1696 1121 1745 omnino
1144 1695 1385 1744 hominum
1416 1694 1560 1743 liceat
1583 1695 1706 1742 hanc
1729 1694 1944 1758 paginam
1968 1697 2126 1742 nostre
2151 1694 2492 1741 ratihabitionis

577 1785 945 1834 confirmationis
990 1784 1344 1849 approbationis
1400 1783 1777 1831 communitionis
1811 1781 2117 1845 suppletionis
2157 1786 2204 1830 et
2242 1782 2494 1829 voluntatis

578 1875 828 1938 infringere
853 1873 928 1922 vel
952 1874 996 1922 ei
1019 1889 1137 1922 ausu
1159 1872 1410 1921 temerario
1445 1871 1678 1919 contraire
1717 1899 1726 1908 ·
1764 1870 1813 1917 Si
1850 1870 1953 1933 quis
1987 1874 2143 1918 autem
2177 1870 2265 1917 hoc
2297 1874 2495 1932 attemp-

577 1970 681 2013 tare
719 1963 1055 2028 presumpserit
1090 1961 1457 2025 indignationem
1503 1959 1838 2023 omnipotentis
1878 1958 1970 2006 Dei
2005 1962 2053 2005 et
2090 1959 2329 2006 beatorum
2366 1958 2493 2004 Petri

579 2059 628 2102 et
666 2052 802 2101 Pauli
838 2051 1174 2116 Apostolorum
1213 2050 1314 2098 eius
1351 2065 1401 2098 se
1442 2048 1626 2096 nouerit
1673 2047 1961 2096 incursurum
2001 2075 2009 2083 ·
2047 2046 2222 2093 Datum
2258 2045 2494 2093 Florentie

580 2159 703 2191 anno
739 2140 1089 2190 Incarnationis
1124 2139 1354 2187 dominice
1388 2136 1636 2185 millesimo
1669 2134 2121 2199 quadringentesimo
2145 2133 2494 2196 quadragesimo

580 2233 787 2282 secundo
811 2230 1013 2295 septimo
1036 2229 1142 2277 idus
1166 2226 1456 2291 Septembris
1479 2224 1787 2272 Pontificatus
1809 2222 1956 2271 nostri
1979 2238 2102 2269 anno
2126 2221 2398 2269 duodecimo
2436 2249 2444 2258 -
2469 2239 2476 2245 ·

583 2415 889 2480 Confirmatio
930 2433 1062 2478 carte
1109 2427 1268 2476 Dauid
1305 2426 1528 2474 Connane
1562 2428 1791 2471 terrarum
1827 2423 1885 2468 de
1921 2419 2186 2483 Tempilhill
2221 2420 2278 2465 de
2315 2418 2496 2466 Kethik

581 2523 712 2570 facta
734 2537 819 2584 per
843 2520 1082 2567 Andream
1108 2516 1344 2564 Meldrum
1368 2513 1565 2561 militem
1589 2513 1646 2559 de
1672 2510 1931 2558 Torfechen
1969 2536 1978 2545 ·

495 2671 559 2717 52
595 2645 866 2725 Omnibus
884 2675 1006 2722 hanc
1025 2675 1205 2720 cartam
1225 2669 1390 2718 visuris
1413 2667 1486 2714 vel
1510 2665 1738 2714 audituris
1760 2663 1918 2710 ffrater
1943 2662 2154 2709 Andreas
2178 2660 2236 2706 de
2261 2658 2494 2705 Meldrum

586 2766 731 2814 Miles
755 2763 934 2813 ordinis
971 2760 1135 2809 Sancti
1158 2759 1191 2806 J
1195 2756 1392 2806 ohannis
1426 2756 1460 2802 J
1464 2751 1797 2802 erosolimitani
1823 2749 2185 2798 Commendator
2206 2746 2495 2809 preceptorie

585 2857 793 2904 eiusdem
813 2851 1038 2914 magister
1055 2850 1113 2896 de
1133 2846 1420 2896 Torfechene
1438 2843 1559 2890 infra
1577 2856 1764 2903 regnum
1786 2838 1943 2886 Scotie
1969 2837 2015 2883 in
2039 2835 2193 2898 capite
2217 2838 2266 2881 et
2289 2834 2338 2880 in
2355 2849 2497 2880 mem-

585 2946 683 2994 bris
705 2948 804 2992 tam
828 2942 878 2989 in
901 2936 1224 3004 spiritualibus
1247 2950 1385 2998 quam
1410 2933 1458 2979 in
1480 2927 1815 2992 temporalibus
1838 2924 2032 2973 ubilibet
2067 2922 2354 2971 constitutus
2390 2949 2399 2957 ·
2439 2949 2448 2958 ·
2488 2949 2496 2957 ·

589 3033 764 3083 Sciatis
786 3047 874 3080 nos
911 3058 921 3067 ·
961 3058 970 3067 ·
1011 3057 1020 3066 ·
1057 3024 1318 3090 inspexisse
1356 3050 1366 3059 ·
1405 3049 1414 3058 ·
1453 3048 1463 3057 ·
1500 3017 1746 3082 quamdam
1767 3017 1944 3062 cartam
1963 3011 2146 3075 prouidi
2165 3010 2247 3057 viri
2263 3009 2419 3056 Dauid
2439 3009 2495 3055 de

587 3124 779 3172 Conane
815 3120 1015 3182 desuper
1049 3114 1192 3163 certis
1223 3110 1364 3160 terris
1397 3107 1657 3156 confectam
1695 3131 1705 3141 ·
1743 3131 1753 3140 ·
1791 3130 1802 3140 ·
1837 3099 2168 3162 Cuiusquidem
2205 3102 2333 3145 carte
2367 3101 2502 3144 tenor

639 3241 649 3250 -
689 3240 699 3250 -
736 3214 808 3258 est
848 3206 961 3256 talis
998 3234 1008 3243 ·
1045 3201 1273 3251 Omnibus
1311 3198 1433 3246 hanc
1471 3197 1650 3243 cartam
1689 3189 1855 3238 visuris
1891 3216 1901 3226 ·
1940 3215 1950 3224 ·
1989 3215 1999 3224 ·
2035 3186 2193 3233 Dauid
2229 3186 2286 3232 de
2312 3185 2499 3232 Conane

585 3301 787 3350 salutem
826 3326 834 3335 ·
874 3324 884 3333 ·
924 3323 932 3333 ·
971 3290 1168 3341 Nouerit
1193 3285 1469 3335 universitas
1502 3284 1658 3329 vestra
1693 3278 1775 3325 Me
1813 3305 1822 3314 ·
1862 3305 1871 3313 ·
1911 3304 1920 3312 ·
1956 3274 2216 3322 vendidisse
2255 3302 2264 3310 ·
2302 3301 2312 3310 ·
2351 3300 2360 3309 ·
2395 3273 2502 3319 sim-

1547 3370 1608 3416 12
