2950 3970
693 632 1158 689 REGISTRUM
1195 634 1731 691 EPISCOPATUS
1772 636 2360 693 BRECHINENSIS.
2432 640 2503 692 95

567 821 728 870 sortiri
751 822 970 870 effectum
1007 824 1223 886 quodque
1259 823 1414 872 dictus
1449 824 1663 873 dominus
1685 828 1846 873 noster
1868 826 2113 888 episcopus
2146 826 2407 873 ordinarius
2442 831 2490 872 et

568 910 642 958 sui
671 925 967 960 successores
999 910 1104 959 loco
1139 911 1326 960 abbatis
1359 915 1409 960 et
1446 915 1706 961 conuentus
1738 912 2054 976 predictorum
2086 913 2411 975 fructuumque
2441 919 2487 960 et

566 1003 878 1062 prouentuum
903 999 1026 1047 infra
1050 1000 1321 1063 parochiam
1345 999 1542 1049 ecclesie
1565 999 1847 1063 parochialis
1868 1000 2079 1063 predicte
2103 1001 2163 1047 ad
2198 1001 2325 1063 ipsos
2359 1016 2491 1063 spec·

566 1089 772 1136 tantium
810 1104 897 1152 pro
935 1088 1285 1137 constructione
1323 1117 1333 1126 ·
1372 1117 1382 1126 ·
1420 1117 1431 1126 ·
1467 1093 1516 1136 et
1553 1088 1848 1152 reparatione
1885 1088 2015 1136 chori
2037 1089 2284 1152 prescripti
2308 1104 2487 1136 necnon

567 1177 794 1225 librorum
841 1176 1226 1225 vestimentorum
1266 1175 1427 1226 calicis
1472 1181 1521 1225 et
1567 1176 1764 1225 aliorum
1810 1181 2188 1227 ornamentorum
2233 1178 2294 1224 ad
2340 1178 2488 1239 ipsum

567 1267 762 1314 chorum
784 1264 1100 1329 spectantium
1133 1265 1376 1328 perpetuis
1398 1264 1690 1329 temporibus
1711 1265 1759 1312 in
1781 1265 1952 1314 futuris
1978 1265 2263 1314 sufficientes
2287 1266 2490 1312 habeant

568 1354 808 1403 debitores
844 1353 914 1402 eis
950 1352 1245 1416 responsales
1282 1381 1290 1390 ·
1329 1353 1428 1402 Nos
1450 1353 1716 1417 prepositus
1737 1352 1899 1401 balliui
1921 1356 1971 1400 et
1994 1355 2245 1417 burgenses
2280 1353 2492 1401 consules

567 1448 617 1492 et
641 1442 954 1491 communitas
987 1441 1302 1504 prenominati
1324 1457 1410 1504 pro
1431 1441 1567 1490 nobis
1589 1445 1638 1490 et
1662 1441 2006 1491 successoribus
2036 1441 2211 1491 nostris
2234 1440 2490 1503 obligamus

619 1560 628 1570 ·
668 1560 678 1569 ·
714 1536 764 1580 et
800 1530 1102 1593 astringimus
1137 1545 1224 1578 nos
1259 1531 1320 1577 ad
1359 1529 1515 1578 omnia
1549 1545 1692 1579 onera
1724 1529 1939 1592 predicta
1974 1529 2292 1592 supportanda
2332 1544 2490 1591 ymmo

566 1619 770 1669 fideliter
791 1617 1112 1683 promittimus
1143 1618 1267 1681 quod
1302 1617 1349 1665 in
1384 1632 1496 1666 casu
1533 1633 1626 1680 quo
1660 1616 1900 1679 predictus
1937 1616 2150 1664 dominus
2172 1620 2331 1665 noster
2356 1616 2493 1679 Epis-

564 1725 713 1773 copus
746 1707 1011 1759 ordinarius
1048 1709 1097 1754 et
1140 1705 1212 1754 sui
1251 1720 1545 1754 successores
1568 1703 1640 1753 vel
1664 1719 1824 1752 eorum
1859 1703 2081 1752 officiales
2117 1707 2166 1752 et
2205 1704 2403 1751 ministri
2443 1706 2488 1750 in

564 1799 662 1848 suis
696 1797 865 1845 annuis
903 1793 1255 1844 visitationibus
1293 1793 1421 1843 circa
1464 1792 1861 1842 constructionem
1902 1793 2277 1842 reformationem
2325 1797 2372 1840 et
2421 1809 2490 1839 re·

561 1887 858 1951 parationem
881 1883 1014 1933 chori
1036 1882 1268 1946 sepedicti
1287 1882 1671 1932 vestimentorum
1710 1910 1719 1918 -
1759 1910 1768 1919 ·
1809 1909 1819 1918 ·
1855 1881 2061 1930 eiusdem
2080 1881 2237 1944 aliqua
2256 1883 2488 1943 reperiant

562 1977 837 2029 defectuosa
861 1977 910 2022 et
933 1972 1090 2021 minus
1121 1971 1402 2020 sufficientia
1435 1987 1527 2034 quo
1561 1971 1622 2018 ad
1658 1970 2052 2022 constructionem
2090 1996 2099 2006 ·
2140 1998 2148 2006 -
2188 1997 2197 2005 ·
2233 1975 2282 2016 et
2307 1983 2491 2031 repam

560 2066 741 2114 tionem
765 2063 1033 2113 defectuum
1057 2059 1322 2110 huiusmodi
1355 2062 1646 2122 repertorum
1681 2058 1835 2109 dictus
1869 2058 2081 2106 dominus
2115 2061 2275 2107 noster
2299 2057 2491 2119 Episco-

562 2169 651 2218 pus
705 2150 971 2200 ordinarius
1014 2153 1064 2197 et
1110 2149 1183 2197 sui
1229 2162 1522 2198 successores
1567 2145 1790 2195 officiales
1833 2149 1883 2194 et
1927 2146 2128 2194 ministri
2175 2161 2259 2207 per
2303 2161 2488 2207 seques-

564 2244 820 2292 trationem
857 2241 1085 2288 bonorum
1122 2241 1388 2286 nostrorum
1423 2240 1472 2283 et
1507 2251 1591 2299 per
1623 2249 1844 2283 censuras
1880 2232 2224 2284 ecclesiasticas
2256 2248 2404 2296 penas
2437 2238 2485 2280 et

566 2331 870 2381 coherciones
897 2341 1215 2392 quascumque
1249 2324 1512 2388 legittimas
1539 2326 1679 2386 prout
1713 2322 1782 2372 eis
1814 2320 1981 2370 melius
2015 2320 2167 2369 valere
2192 2325 2241 2368 et
2264 2321 2485 2383 expedire

565 2421 803 2469 videbitur
841 2433 928 2467 nos
967 2421 1016 2465 et
1055 2429 1348 2467 successores
1384 2415 1570 2462 nostros
1609 2409 1889 2473 compellere
1926 2424 2087 2458 arcere
2124 2413 2172 2456 et
2210 2409 2483 2470 distringere

566 2510 754 2559 valeant
790 2512 932 2572 prout
967 2523 1054 2571 per
1089 2502 1511 2568 sequestrationem
1531 2500 1767 2549 fructuum
1805 2501 1853 2544 et
1890 2500 2199 2560 prouentuum
2234 2497 2355 2544 infra
2378 2497 2483 2543 bur-

562 2614 671 2662 gum
697 2602 747 2646 et
787 2595 1060 2661 parochiam
1094 2595 1154 2642 de
1190 2591 1363 2639 Dunde
1399 2587 1699 2638 existentium
1738 2585 1946 2649 prefatos
1982 2583 2244 2646 Religiosos
2281 2585 2482 2646 compel-

563 2688 660 2735 lere
702 2690 753 2734 et
793 2700 955 2734 arcere
995 2685 1216 2747 poterant
1255 2683 1369 2727 ante
1402 2681 1589 2740 tempus
1634 2672 1984 2737 compositionis
2020 2677 2070 2719 et
2105 2676 2338 2722 tractatus
2377 2689 2480 2734 pre-

562 2780 799 2824 ssaofiofflm
837 2802 848 2812 .
885 2774 965 2820 Ad
985 2787 1079 2835 que
1103 2770 1322 2818 uniuersa
1343 2770 1393 2815 et
1415 2763 1596 2828 singula
1618 2761 1844 2826 premissa
1865 2761 2105 2810 subeunda
2127 2764 2176 2807 et
2199 2760 2480 2808 subiacenda

564 2869 616 2912 ut
648 2863 932 2927 premissum
979 2863 1053 2913 est
1089 2886 1100 2897 ·
1138 2858 1237 2905 Nos
1273 2859 1323 2903 et
1360 2866 1652 2903 successores
1704 2852 1890 2897 nostros
1925 2875 1935 2885 ·
1974 2876 1984 2885 ·
2024 2876 2032 2884 -
2069 2848 2263 2896 firmiter
2306 2847 2478 2910 obliga-

563 2969 667 3002 mus
705 2982 715 2990 ·
753 2953 814 2999 In
851 2950 984 2999 cuius
1021 2948 1090 2996 rei
1125 2943 1448 2995 testimonium
1485 2939 1689 3003 sigillum
1729 2951 1972 2985 commune
2007 2936 2140 2999 burgi
2179 2936 2327 2984 nostri
2374 2952 2476 2997 pre-

560 3042 774 3091 sentibus
820 3043 894 3088 est
940 3050 1198 3101 appensum
1237 3061 1246 3070 ·
1286 3031 1432 3094 Apud
1469 3027 1639 3076 Dunde
1674 3028 1841 3088 quarto
1877 3023 1951 3070 die
1986 3024 2157 3072 mensis
2191 3023 2225 3070 J
2230 3022 2311 3071 ulii
2351 3039 2472 3071 anno

561 3129 754 3181 Domini
777 3127 1030 3176 millesimo
1050 3118 1507 3189 quadringentesimo
1531 3111 1883 3180 quadragesimo
1906 3110 2049 3159 tertio
2087 3138 2096 3148 ·
