2950 3970
538 633 1003 688 REGISTRUM
1042 634 1578 689 EPISOOPATUS
1619 635 2205 691 RREOHINENSIS.
2272 636 2376 694 171

443 839 605 870 eorum
627 822 735 870 loca
770 822 1040 870 tenentibus
1077 826 1159 869 aut
1196 822 1302 870 aliis
1322 822 1562 870 ,ministris
1596 822 1960 886 quibuscumque
1995 828 2043 884 et
2079 839 2374 886 quacumque⁴

444 912 502 958 de
527 920 671 958 causa
707 938 718 948 ·
757 909 986 958 Vol-umus
1010 911 1134 973 quod
1170 896 1547 958 dicte-‚ciuitatis
1563 909 1731 957 balliui
1759 926 1842 958 seu
1876 910 2076 959 balliuus
2110 911 2366 974 plenariam

443 1000 656 1051 habeant·
674 1003 967 1062 potestatem
988 999 1140 1046 dictos
1163 998 1303 1047 ciues
1316 1002 1366 1049 et
1389 1013 1548 1046 eorum
1574 998 1697 1046 bona
1720 999 1780 1046 ad
1804 1007 1989 1050 crucem
2007 999 2373 1048 ⁴dicte-ciuitatis

446 1087 801 1152 replegiandum
831 1091 882 1156 et
919 1088 990 1134 ad·
1019 1087 1155 1135 dicta
1182 1087 1353 1136 itinera
1387 1090 1436 1134 et
1471 1086 1628 1135 curias
1662 1087 1973 1135 reducendum
2013 1115 2023 1125 ·
2061 1087 2371 1135 Concedimus

446 1178 718 1248 etiam-pro.
757 1176 894 1224 nobis
933 1179 982 1224 et
1022 1175 1370 1225 successoribus
1410 1174 1584 1223 nostris
1623 1174 1967 1237 imperpetuum
2008 1176 2131 1238 quod
2166 1175 2367 1237 predicti

446 1266 582 1314 liberi
606 1265 745 1314 ciues,
770 1264 986 1332 omnibus
1018 1262 1300 1313 mercantiis.
1325 1263 1606 1310 mercandiis
1639 1262 1936 1311 libertatibus
1959 1263 2371 1311 commoditatibus

409 1353 411 1355 ’
447 1353 722 1403 asiamentis
744 1356 793 1400 et
816 1351 1074 1416 priuilegiis
1095 1352 1346 1414 burgorum
1379 1355 1645 1399 nostrorum
1670 1352 1728 1397 de
1753 1354 2127 1399 ceteroutantur
2150 1354 2199 1398 et
2222 1350 2367 1397 libere

447 1443 683 1506 gaudeant
725 1446 775 1490 et
815 1441 1089 1504 possideant
1129 1440 1251 1487 infra
1289 1439 1534 1486 ciuitatem
1575 1438 1940 1487 Brechinensem
1981 1439 2100 1485 adeo
2140 1438 2290 1485 libere
2325 1441 2375 1484 et

383 1583 388 1588 ,
449 1532 606 1595 quiete
629 1532 750 1578 bene
787 1533 836 1578 et
871 1529 919 1576 in
954 1544 1072 1592 pace
1096 1527 1217 1575 sicut
1252 1530 1451 1574 utuntur·
1484 1530 1533 1574 et
1567 1526 1809 1589 possident
1833 1526 2095 1588 quicunque
2117 1525 2372 1587 burgenses

449 1620 676 1669 liberrimi
714 1619 847 1682 regni
881 1616 1032 1666 nostri
1069 1643 1079 1654 -
1118 1616 1183 1665 Et
1220 1598 1406 1678 prefata
1441 1613 1686 1677 priuilegia
1725 1617 1774 1661 et
1811 1613 2058 1661 libertates
2092 1612 2207 1660 dicti
2243 1612 2371 1659 ciues

451 1709 796 1757 Brechinenses
818 1707 1026 1754 habeant
1063 1708 1112 1752 et
1149 1707 1346 1752 teneant
1384 1703 1442 1750 de
1478 1702 1698 1765 episcopo
1722 1700 2028 1749 Brechinensi
2051 1699 2131 1763 qui
2153 1715 2238 1762 pro
2260 1703 2378 1746 tem·-

451 1814 565 1862 pore
588 1797 731 1845 fuerit
769 1824 779 1834 ·
816 1795 883 1843 Et
918 1795 963 1842 ei
998 1794 1047 1841 in
1081 1792 1297 1841 omnibus
1320 1790 1543 1839 obediant
1567 1793 1616 1837 et
1650 1789 1698 1836 in
1734 1789 1834 1837 eius
1855 1788 2070 1836 absentia
2093 1803 2176 1835 suo
2203 1787 2376 1833 vicario

452 1886 661 1951 generali
697 1913 708 1923 ·
748 1885 814 1932 Et
848 1884 973 1947 quod
1009 1882 1165 1929 dictus
1199 1880 1446 1943 episcopus
1477 1878 1728 1924 modernus
1759 1880 1809 1923 et
1839 1876 1910 1924 sui
1945 1889 2237 1924 successores
2271 1889 2373 1920 cum

457 1975 659 2024 concilio
706 1972 903 2037 capituli
949 1971 1022 2020 sui
1067 1968 1251 2033 possint
1296 1967 1527 2028 corrigere
1568 1969 1617 2012 et
1657 1964 1821 2027 punire
1862 1979 2022 2011 omnes
2063 1962 2379 2009 inhabitantes

436 2107 439 2110 Δ
462 2067 639 2114 dictam
665 2063 909 2112 ciuitatem
934 2075 1019 2124 pro
1044 2072 1204 2106 eorum
1229 2054 1560 2124 malefactiset
1579 2052 1766 2101 offensis
1782 2051 1997 2115 quotiens
2020 2050 2099 2097 ubi
2122 2054 2172 2097 et
2195 2049 2379 2112 quando

461 2154 552 2204 sibi
575 2152 812 2200 videbitur
835 2147 1049 2213 expediri
1072 2162 1157 2209 pno
1175 2140 1298 2191 bono
1318 2141 1515 2191 ecclesie
1534 2144 1589 2188 et
1600 2140 1810 2189 ciuitatis
1834 2137 2163 2186 Brechinensis
2200 2164 2209 2174 ·
2247 2136 2378 2184 Ulte-

408 2271 429 2307 ρ
463 2245 561 2292 rius
579 2242 790 2290 volumus
808 2238 931 2302 quod
950 2236 990 2285 si
1016 2234 1258 2295 contingat
1277 2245 1594 2294 quascumque
1611 2244 1756 2276 naues
1772 2227 2001 2274 fercostas
2018 2225 2091 2272 vel
2107 2224 2306 2272 batellas
2324 2225 2381 2270 de

463 2348 606 2402 regno
629 2330 704 2378 vel
727 2332 868 2376 extra
889 2340 1081 2388 regnum
1105 2319 1372 2385 applicare
1360 2335 1408 2366 m
1432 2333 1555 2381 aqua
1577 2319 1635 2364 de
1659 2316 1866 2363 Sutbesk
1889 2329 1992 2361 cum
2017 2313 2380 2376 quibuscumque

464 2417 780 2469 mercimoniis
819 2431 902 2464 seu
938 2414 1076 2461 rebus
1111 2409 1355 2459 venalibus
1389 2407 1514 2470 quod
1539 2405 1668 2453 dicti
1676 2403 1811 2451 liberi
1847 2403 1974 2450 ciues
1997 2416 2166 2448 emere
2173 2400 2382 2462 poterint

464 2525 577 2558 casu
614 2523 706 2570 quo
737 2506 1001 2567 burgenses
1023 2501 1081 2548 de
1120 2499 1375 2546 Montross
1397 2510 1551 2543 emere
1587 2491 1868 2540 noluerint·
1905 2490 2060 2544 Quare
2106 2487 2379 2536 mandamus

463 2603 513 2647 et
548 2596 746 2644 firmiter
783 2591 1069 2657 precipimus
1108 2584 1389 2650 justiciariis
1434 2579 1710 2630 camerariis
1730 2576 2094 2626 vicecomitibus
2133 2573 2384 2637 prepositis

463 2689 715 2749 burgorum
751 2686 801 2730 et
837 2695 999 2730 eorum
1021 2675 1211 2725 balliu-is
1246 2689 1303 2721 ac
1339 2668 1732 2720 locatenentibus
1738 2665 2041 2726 omnibusque
2064 2661 2170 2710 aliis
2193 2660 2385 2723 quibus-

465 2790 666 2838 cumque
703 2771 828 2836 quod
867 2768 1045 2816 dictum
1083 2763 1352 2827 episcopum
1387 2756 1643 2821 capitulum
1667 2753 1922 2802 canonicos
1938 2755 1987 2798 et
2010 2750 2146 2797 ciues
2161 2747 2386 2814 Brachia!-

465 2879 604 2913 enses
642 2877 701 2909 ac
741 2873 902 2907 eorum
943 2866 1239 2903 successores
1283 2851 1333 2895 et
1379 2845 1497 2894 alios
1543 2855 1856 2906 quoscumque
1903 2843 1954 2886 ut
1999 2835 2289 2900 premittitur
2334 2834 2381 2880 in

464 2958 688 3005 libertate
712 2969 800 3002 usu
823 2947 1052 2999 exercitio
1075 2949 1124 2994 et
1149 2941 1439 2991 executione
1461 2936 1551 2985 fori
1575 2933 1811 2999 predicti'
1799 2948 1852 2979 ιιι
1871 2918 2235 2999 quibuscumque
2255 2941 2383 2973 --mer

413 3101 416 3103 ,
467 3044 640 3094 cantiis
679 3058 764 3091 seu
802 3035 1085 3097 mercandiis
1125 3029 1333 3080 emendis
1374 3031 1423 3075 et
1467 3022 1723 3085 vendendis
1769 3024 1820 3068 ut
1867 3017 2175 3082 prescriptum
2222 3019 2295 3062 est
2334 3014 2383 3060 in

467 3132 667 3181 introitu
704 3133 754 3177 et
800 3127 935 3175 exitu
972 3123 1207 3170 dictarum.
1238 3130 1462 3180 aquarum
1511 3116 1560 3160 et
1605 3113 1821 3174 portuum
1870 3122 1975 3154 cum
2021 3105 2383 3168 quibuscumque

468 3217 742 3270 mercantiis
771 3216 836 3263 int
855 3213 1031 3262 itinere
1053 3197 1202 3257 *etiam
1220 3201 1596 3253 -Camerariez-ut
1631 3198 1812 3248 dictum
1857 3198 1942 3244 est*
1974 3207 2031 3240 ac
2076 3191 2124 3238 in
2170 3188 2383 3236 omnibus

469 3315 519 3358 et
543 3305 737 3369 singulis
760 3304 811 3351 in
833 3315 995 3350 eorum
1020 3295 1165 3346 cattis
1187 3295 1235 3342 in
1258 3287 1639 3355 inquisitionibus
1674 3270 1725 3332 et
1759 3283 1806 3330 in
1842 3285 2004 3332 nostra
2030 3276 2390 3343 presenticarta

470 3394 707 3446 contentis
730 3389 1139 3441 manuteneantet
1168 3381 1426 3431 defendant·
1459 3405 1469 3415 ·
1507 3376 1612 3423 Non
1648 3370 1964 3437 permittendo
1998 3382 2079 3416 eos
2112 3369 2194 3413 aut
2230 3379 2387 3417 eorum
