2950 3970
618 630 1082 687 REGISTRUM
1119 633 1653 693 EPISCOPATUS
1694 639 2280 698 BRECHINENSIS.
2339 646 2446 698 145

512 821 773 868 reuerendo
797 819 846 867 in
871 820 1030 869 Cristo
1052 823 1178 886 patri
1217 851 1227 862 ·
1266 852 1275 862 ·
1314 853 1323 862 -
1358 825 1394 872 J
1397 825 1568 873 ohanni
1606 827 1827 891 episcopo
1866 828 2171 878 Brechinensi
2207 846 2367 880 omnes
2392 836 2439 878 et

511 908 720 972 singulas
752 913 907 958 terras
951 915 1140 960 nostras
1173 913 1232 960 de
1272 913 1543 978 Tempilhill
1576 916 1635 970 de
1672 916 1856 964 Kethik
1884 917 2028 978 juxta
2067 918 2300 965 Brechine
2340 934 2445 965 cum

513 1014 606 1046 una
629 997 766 1062 pecia
788 1001 915 1046 terre
933 999 1125 1061 jacente
1143 1001 1287 1063 juxta
1311 1001 1487 1050 Villam
1512 1003 1570 1051 de
1592 1002 1812 1067 Dalgady
1838 1004 1958 1052 infra
1983 1004 2356 1054 vicecomitatum
2383 1007 2439 1052 de

510 1087 681 1135 Forfar
704 1102 810 1135 cum
834 1087 1134 1151 pertinentiis
1172 1118 1182 1127 ·
1220 1089 1538 1154 Quasquidem
1562 1095 1715 1140 terras
1761 1107 1866 1139 cum
1908 1092 2205 1156 pertinentiis
2247 1093 2445 1140 dilectus

508 1176 746 1240 quondam
759 1179 928 1225 tenens
945 1180 1108 1225 noster
1125 1177 1283 1225 Dauid
1304 1178 1564 1243 Dempster
1581 1180 1639 1227 de
1655 1179 1957 1229 Ouchterless
1979 1197 2064 1244 per
2080 1197 2212 1230 suum
2231 1197 2448 1245 procura-

507 1270 660 1314 torem
698 1291 709 1302 ·
749 1293 759 1302 -
799 1292 809 1303 ·
845 1264 894 1312 in
928 1265 1143 1314 manibus
1165 1266 1339 1315 nostris
1375 1295 1385 1304 ·
1424 1295 1435 1305 ·
1474 1295 1483 1305 ·
1518 1283 1604 1329 per
1625 1267 1797 1315 fustem
1820 1271 1869 1316 et
1893 1267 2109 1315 baculum
2141 1270 2394 1332 resignauit
2433 1297 2443 1307 ·

510 1355 668 1410 Quare
691 1353 825 1402 vobis
862 1382 872 1391 ·
911 1381 921 1391 ·
961 1381 971 1392 ·
1007 1354 1282 1403 mandamus
1306 1358 1536 1418 quatenus
1558 1355 1669 1404 visis
1702 1357 1997 1418 presentibus
2034 1356 2343 1420 personaliter
2383 1358 2443 1404 ad

510 1444 750 1507 predictas
788 1447 944 1491 terras
977 1443 1036 1490 de
1072 1442 1340 1506 Tempilhill
1363 1444 1644 1492 accedentes
1681 1471 1691 1481 -
1729 1472 1740 1482 ·
1779 1471 1789 1481 ·
1824 1444 2008 1508 prefato
2032 1446 2288 1494 reuerendo
2323 1446 2446 1508 patri

511 1537 595 1581 aut
631 1532 734 1582 eius
767 1530 1062 1596 procuratori
1099 1558 1110 1569 ·
1149 1560 1159 1569 ·
1199 1559 1208 1569 ·
1244 1531 1523 1582 ministretis
1555 1535 1732 1580 statum
1763 1531 1985 1580 saisinam
2019 1535 2068 1579 et
2102 1533 2434 1581 hereditariam

511 1621 854 1686 possessionem
890 1620 1124 1668 dictarum
1164 1624 1394 1668 terrarum
1433 1648 1442 1657 ·
1482 1648 1492 1657 ·
1531 1648 1540 1657 ·
1575 1620 1829 1668 secundum
1869 1624 2079 1668 tenorem
2116 1624 2246 1668 carte
2280 1625 2440 1668 nostre

512 1708 880 1759 confirmationis
914 1709 1068 1757 eidem
1103 1709 1362 1756 reuerendo
1395 1708 1521 1772 patri
1559 1736 1568 1746 ·
1609 1736 1618 1746 ·
1657 1735 1666 1745 ·
1702 1711 1880 1756 cartam
1922 1708 2038 1756 dicti
2073 1708 2275 1756 Dauidis
2309 1709 2355 1755 in
2393 1725 2442 1757 se

512 1799 800 1849 continentis
837 1827 847 1836 ·
887 1826 896 1836 -
936 1825 947 1836 ·
983 1795 1045 1845 In
1085 1797 1218 1846 cuius
1250 1796 1318 1844 rei
1350 1796 1672 1845 testimonium
1712 1795 1913 1859 sigillum
1947 1800 2159 1844 nostrum
2196 1812 2440 1844 commune

512 1889 810 1954 presentibus
844 1890 918 1936 est
953 1887 1144 1934 affixum
1179 1886 1304 1949 apud
1341 1884 1634 1946 Torfechyne
1668 1883 1889 1932 vicesimo
1921 1885 2124 1932 secundo
2159 1884 2234 1932 die
2269 1885 2441 1932 mensis

514 1979 724 2042 Augusti
747 1993 870 2026 anno
891 1975 1085 2024 Domini
1103 1973 1351 2022 millesimo
1373 1971 1830 2038 quadringentesimo
1848 1971 2230 2035 quinquagesimo
2268 1999 2278 2009 ·
2317 1973 2442 2026 Qua-

513 2068 806 2133 rumquidem
830 2066 1075 2115 literarum
1098 2063 1274 2111 virtute
1312 2091 1321 2100 ·
1362 2090 1372 2100 ·
1412 2089 1422 2100 ·
1459 2061 1671 2125 prefatus
1694 2060 1869 2123 Symon
1892 2059 2093 2108 balliuus
2130 2087 2140 2097 ·
2179 2088 2188 2096 ·
2228 2087 2237 2096 -
2273 2060 2320 2106 in
2344 2060 2430 2106 hac

511 2162 648 2223 parte
687 2185 697 2194 ·
737 2185 746 2194 -
786 2184 795 2193 ·
832 2170 938 2203 cum
961 2158 1090 2202 terra
1123 2156 1174 2200 et
1210 2150 1445 2215 lapidibus
1467 2148 1748 2198 manualiter
1770 2148 2054 2198 ministrauit
2078 2148 2260 2211 prefato
2286 2163 2440 2194 reuer-

513 2249 635 2296 endo
670 2245 795 2310 patri
828 2245 862 2291 J
867 2242 1039 2291 ohanni
1073 2241 1294 2304 episcopo
1318 2237 1624 2287 Brechinensi
1662 2265 1672 2273 -
1711 2264 1721 2273 ·
1760 2264 1770 2274 ·
1806 2235 2026 2284 saisinam
2063 2263 2073 2273 ·
2113 2263 2122 2273 ·
2162 2263 2171 2272 ·
2206 2239 2435 2283 terrarum

514 2339 641 2386 dIcte
665 2334 774 2384 ville
798 2335 856 2381 de
882 2328 1152 2394 Tempilhill
1175 2344 1281 2377 cum
1304 2325 1606 2391 pertinentiis
1632 2323 1888 2372 secundum
1929 2351 1938 2360 ·
1978 2351 1988 2360 ·
2027 2351 2037 2360 ·
2071 2327 2282 2371 tenorem
2308 2327 2437 2369 carte

514 2422 882 2476 confirmationis
921 2419 1038 2467 dicti
1076 2418 1238 2465 fratris
1278 2415 1476 2463 Henrici
1519 2413 1671 2461 eidem
1711 2412 1969 2460 reuerendo
2009 2411 2133 2474 patri
2174 2411 2281 2458 inde
2328 2426 2436 2458 con-

513 2518 653 2569 fecto,
706 2513 772 2560 Et
796 2526 881 2575 per
902 2523 978 2556 me
1005 2505 1239 2555 notarium
1276 2502 1590 2566 subscriptum
1628 2529 1638 2539 ·
1678 2529 1688 2538 ·
1727 2529 1736 2539 ·
1772 2498 1958 2564 publice
1981 2498 2153 2546 ibidem
2177 2498 2383 2562 perlecte
2422 2526 2431 2535 ·

516 2601 851 2667 Cuiusquidem
875 2601 1006 2646 carte
1031 2592 1399 2643 confirmationis
1434 2594 1573 2639 tenor
1609 2617 1619 2627 ·
1659 2617 1669 2626 ·
1708 2616 1718 2627 ·
1753 2592 1826 2636 est
1861 2586 1973 2635 talis
2008 2614 2018 2624 ·
2056 2586 2284 2634 Omnibus
2321 2614 2332 2624 -
2371 2614 2380 2623 ·
2422 2615 2431 2623 -

515 2695 639 2760 (vide
664 2692 753 2739 No.
780 2687 877 2747 71.)
917 2713 927 2724 ·
963 2683 1151 2732 Deinde
1185 2682 1233 2729 in
1258 2678 1519 2729 continenti
1555 2676 1705 2726 exiuit
1730 2677 1791 2723 ad
1815 2674 1972 2722 villam
1998 2675 2054 2721 de
2079 2673 2263 2721 Kethik
2298 2678 2347 2722 et
2383 2674 2429 2721 in

513 2784 680 2832 eadem
724 2779 876 2826 forma
913 2803 922 2812 ·
961 2801 971 2811 ·
1011 2801 1020 2811 -
1055 2769 1342 2819 ministrauit
1388 2767 1540 2815 eidem
1597 2763 1854 2813 reuerendo
1908 2762 2032 2826 patri
2070 2790 2079 2800 ·
2116 2789 2126 2799 ·
2165 2790 2176 2800 -
2210 2762 2430 2810 saisinam

515 2902 526 2913 ·
565 2901 576 2911 ·
615 2901 626 2910 ·
662 2871 721 2918 de
745 2868 884 2916 domo
906 2860 1153 2926 templarie
1189 2860 1247 2906 de
1283 2856 1467 2904 Kethik
1505 2883 1515 2892 ·
1554 2882 1564 2892 ·
1603 2881 1612 2890 ·
1648 2852 1822 2900 virtute
1847 2850 2076 2899 dictarum
2099 2849 2235 2898 litere
2259 2850 2430 2898 saisine

514 2967 562 3010 et
587 2962 718 3009 carte
743 2954 860 3004 dicti
881 2950 1043 3000 fratris
1066 2946 1263 2996 Henrici
1286 2961 1342 2994 ac
1367 2944 1535 2992 deinde
1570 2940 1720 2989 exiuit
1743 2940 1804 2987 ad
1831 2938 1983 2986 villam
2019 2939 2077 2985 de
2115 2937 2347 3001 Dalgatye
2381 2943 2430 2985 et

512 3050 687 3098 ibidem
721 3039 1008 3092 ministrauit
1043 3038 1196 3086 eidem
1230 3032 1486 3082 reuerendo
1526 3029 1650 3094 patri
1688 3056 1698 3066 ·
1737 3056 1747 3066 ·
1786 3056 1796 3065 ·
1831 3027 2052 3075 saisinam
2091 3054 2100 3063 ·
2140 3054 2149 3063 -
2188 3054 2198 3063 ·
2235 3027 2292 3074 de
2340 3043 2430 3074 una

513 3138 650 3202 pecia
671 3139 797 3183 terre
823 3132 1016 3194 jacente
1050 3124 1172 3174 infra
1194 3127 1368 3172 terram
1392 3119 1518 3167 dicte
1546 3116 1655 3165 ville
1690 3118 1748 3165 de
1784 3114 2018 3178 Dalgatye
2053 3115 2306 3162 secundum
2340 3115 2432 3161 for-

512 3241 636 3274 mam
674 3226 724 3271 et
759 3225 972 3269 tenorem
1011 3214 1240 3263 dictarum
1276 3210 1412 3258 litere
1449 3206 1620 3256 saisine
1658 3209 1707 3252 et
1744 3207 1873 3251 carte
1909 3202 2274 3251 confirmationis
2317 3202 2430 3250 dicti

513 3312 675 3363 fratris
713 3306 910 3357 Henrici
947 3305 1099 3352 eidem
1137 3298 1393 3348 reuerendo
1431 3294 1557 3360 patri
1597 3294 1705 3341 inde
1746 3291 1958 3340 confecte
2001 3319 2010 3328 ·
2049 3318 2059 3328 ·
2097 3317 2109 3328 ·
2145 3294 2193 3338 et
2234 3306 2318 3354 per
2358 3306 2431 3337 me

1444 3384 1506 3431 19
