2950 3970
674 672 1136 729 REGISTRUM
1175 674 1710 733 EPISCOPATUS
1750 680 2335 737 BRECHINENSIS.
2395 687 2463 739 13

534 876 783 924 possumus
806 861 1091 925 precipimus
1115 867 1163 909 et
1187 865 1463 913 mandamus
1488 870 1719 929 quatenus
1746 867 1947 915 ecclesia
1981 868 2266 918 cathedralis
2290 871 2461 918 Sancte

535 949 786 998 Trinitatis
822 951 880 997 de
918 950 1151 1012 Brechyn,
1189 951 1262 998 cui
1298 952 1357 999 ob
1396 954 1712 1001 reuerenciam
1751 954 1957 1003 eiusdem
2000 956 2172 1003 Sancte
2210 957 2454 1005 Trinitatis
2513 952 2519 957 “

538 1037 767 1086 deuocius
790 1039 1033 1094 afficimur,
1059 1039 1274 1087 omnibus
1288 1034 1771 1103 suis'possessionibus
1794 1042 2092 1091 libertatibus
2116 1044 2459 1093 conditionibus

531 1125 951 1174 consuetudinibus
991 1127 1133 1174 metis
1168 1131 1216 1174 et
1251 1128 1464 1176 terminis
1498 1145 1555 1177 ac
1589 1130 1845 1192 priuilegiis
1891 1131 2239 1194 quibuscunque
2275 1133 2320 1179 in
2356 1150 2457 1195 per-

531 1213 659 1262 sonis
695 1218 743 1261 et
780 1214 919 1262 rebus
955 1214 1123 1277 quibus
1157 1218 1369 1278 tempore
1405 1221 1666 1264 nostrornm
1703 1219 2049 1280 progenitorum
2096 1235 2251 1281 regum
2295 1221 2456 1267 Scocie

531 1307 580 1350 et
616 1301 888 1366 specialiter
922 1307 1136 1365 tempore
1161 1303 1336 1350 domini
1373 1304 1491 1352 bone
1516 1305 1737 1352 memorie
1770 1306 1920 1368 patris
1943 1306 2089 1353 nostri
2115 1322 2200 1354 usa
2222 1307 2374 1354 fuerat
2410 1313 2457 1355 et

527 1391 765 1454 gaudebat
830 1392 888 1438 de
937 1395 1098 1439 cetero
1143 1395 1192 1438 et
1241 1391 1546 1454 imposterum
1594 1392 1730 1454 plene
1777 1397 1825 1439 et
1872 1393 2064 1455 pacifice
2115 1398 2360 1456 perutatur
2403 1411 2458 1443 ac

528 1478 676 1527 libere
735 1481 941 1542 gaudeat
990 1483 1040 1527 et
1093 1479 1385 1527 inconcussa.
1475 1480 1534 1527 In
1587 1481 1718 1528 cuius
1766 1481 1833 1528 rei
1887 1482 2205 1529 testimonium
2255 1482 2453 1545 sigillum

528 1572 740 1616 nostrum
776 1566 1075 1631 presentibus
1109 1566 1261 1615 literis
1290 1567 1463 1616 nostris
1485 1568 1777 1631 precepimus
1811 1569 1996 1631 apponi.
2069 1568 2212 1631 Apud
2249 1569 2448 1618 Sconam

528 1656 578 1704 in
600 1655 740 1719 pleno
758 1655 1072 1719 parliamento
1096 1659 1259 1703 nostro
1277 1655 1450 1702 ibidem
1476 1660 1611 1703 tento
1635 1656 1855 1703 vicesimo
1873 1661 2011 1704 sexto
2031 1657 2105 1704 die
2124 1658 2296 1706 mensis
2315 1657 2458 1706 Octo·

528 1745 625 1793 bris
671 1760 795 1792 anno
843 1743 1043 1791 Domini
1084 1742 1332 1791 millesimo
1377 1743 1709 1791 trecentesimo
1758 1743 2139 1806 quinquagesimo
2186 1761 2319 1793 nono.
2392 1748 2454 1794 Et

528 1833 659 1895 regni
692 1832 844 1881 nostri
877 1831 1120 1879 tricesimo
1159 1830 1376 1896 [primm]

4 2034 41 2074 5⁴²7
532 2044 815 2106 Preceptum
841 2042 1002 2090 Dauid
1028 2043 1278 2090 Scotorum
1302 2042 1424 2104 regis
1447 2043 1504 2089 de
1530 2042 1879 2090 confirmatione
1905 2042 2161 2104 capellanie
2188 2043 2244 2088 de
2271 2043 2425 2089 Boith.

440 2187 502 2232 10
534 2156 734 2235 Dauid
778 2187 871 2235 Dei
912 2186 1067 2249 gratia
1103 2202 1187 2234 rex
1230 2186 1478 2234 Scotorum
1512 2183 1767 2232 venerabili
1793 2183 1838 2230 in
1865 2183 2020 2230 Cristo
2054 2183 2177 2245 patri
2202 2184 2305 2230 Ade
2333 2182 2447 2243 [Pa-

525 2276 664 2324 tricio
680 2277 723 2341 22]
762 2276 983 2340 episcopo
1020 2274 1329 2322 Brechinensi
1364 2272 1645 2320 cancellario
1679 2275 1838 2319 nostro
1873 2270 2072 2319 salutem
2108 2270 2281 2317 Sciatis
2321 2271 2440 2332 quod

525 2365 840 2414 concessimus
863 2363 1260 2412 confirmationem
1287 2365 1496 2411 nostram
1519 2360 1738 2423 episcopo
1763 2363 1810 2406 et
1835 2358 2029 2406 ecclesie
2056 2358 2357 2405 Brechinensi
2382 2359 2438 2404 de

523 2453 787 2517 capellania
811 2454 869 2500 de
895 2452 1039 2500 Boith
1064 2467 1169 2499 cum
1194 2451 1406 2499 omnibus
1430 2449 1570 2497 terris
1594 2447 1853 2495 redditibus
1877 2451 1924 2494 et
1953 2446 2135 2507 juribus
2159 2450 2206 2493 et
2232 2447 2288 2492 de
2312 2450 2438 2492 terra

525 2543 583 2589 de
608 2541 898 2604 Carncortye
922 2556 1007 2604 per
1029 2540 1263 2603 quondam
1290 2537 1557 2585 Walterum
1594 2537 1652 2582 de
1690 2534 1882 2582 Maulea
1916 2535 1973 2581 de
2010 2534 2213 2580 Panmur
2244 2534 2366 2581 datis
2389 2538 2436 2580 et

522 2631 759 2680 concessis
793 2630 1135 2693 imperpetuum
1172 2627 1404 2690 quondam
1439 2626 1543 2672 Ade
1578 2623 1797 2686 episcopo
1822 2621 2124 2669 Brechinensi
2160 2625 2207 2668 et
2243 2621 2435 2668 ecclesie

522 2722 771 2783 prenotate
794 2734 850 2766 ac
875 2717 964 2765 sibi
989 2718 1047 2764 de
1069 2721 1199 2764 terra
1223 2716 1281 2762 de
1307 2713 1597 2762 Botmernok
1620 2712 1667 2758 in
1691 2714 1959 2759 tenemento
1994 2711 2051 2756 de
2084 2710 2299 2757 Panmur.
2374 2711 2435 2756 Et

522 2809 581 2855 de
605 2807 786 2855 duabus
809 2805 979 2854 marcis
1002 2803 1329 2866 sterlingorum
1365 2801 1535 2848 debitis
1559 2801 1616 2847 de
1640 2799 1778 2847 terris
1813 2799 1870 2845 de
1895 2797 2090 2844 Breckis
2113 2813 2196 2859 per
2218 2797 2433 2844 abbatem

521 2901 572 2944 et
594 2899 879 2944 conuentum
905 2895 962 2941 de
987 2891 1311 2940 Abirbrothok
1333 2888 1572 2937 annuatim
1598 2886 1722 2934 datis
1756 2889 1804 2933 et
1828 2884 2060 2932 concessis
2084 2884 2260 2947 capelle
2296 2886 2352 2931 de
2387 2884 2430 2931 le

523 2985 668 3033 Boith
691 3000 776 3047 per
799 2983 1032 3046 quondam
1058 2979 1341 3028 Cristianam
1372 2978 1430 3024 de
1456 2974 1689 3022 Waloniis
1713 2972 1944 3020 dominam
1970 2973 2026 3019 de
2054 2972 2256 3019 Panmur
2280 2972 2432 3027 Quare

522 3073 654 3121 vobis
687 3072 964 3119 mandamus
999 3072 1230 3132 quatenus
1264 3066 1530 3128 episcopum
1567 3066 1615 3109 et
1650 3060 1892 3108 ecclesiam
1931 3060 2290 3107 Brechinensem
2335 3077 2437 3122 pre-

518 3162 676 3209 dictos
709 3160 883 3207 habere
917 3157 1105 3205 faciatis
1139 3159 1295 3203 cartas
1331 3155 1516 3200 nostras
1554 3147 1834 3212 generaliter
1868 3147 1940 3195 vel
1986 3147 2252 3210 specialiter
2295 3153 2431 3210 prout

521 3249 636 3298 velit
666 3249 751 3298 sub
775 3263 944 3310 magno
968 3244 1120 3308 sigillo
1143 3246 1304 3290 nostro
1328 3255 1466 3302 super
1506 3235 1854 3286 confirmatione
1894 3239 2055 3283 nostra
2093 3234 2360 3297 supradicta
2383 3241 2430 3282 et
