2950 3970
483 652 555 705 90
620 650 1082 708 REGISTRUM
1120 652 1658 709 EPISCOPATUS
1698 651 2290 709 BRECHINENSIS.

484 839 672 902 pliciter
694 840 836 889 titulo
859 841 1150 890 vendicionis
1186 869 1197 879 ·
1236 869 1246 879 ·
1286 869 1296 880 ·
1331 840 1479 890 nobili
1512 845 1562 890 et
1595 857 1826 904 generoso
1847 843 1955 890 viro
1972 841 2130 890 Dauid
2156 841 2414 904 Dempster

486 930 545 977 de
572 929 866 979 Ouchtirless
887 930 1119 994 armigero
1141 934 1273 979 totas
1295 933 1346 978 et
1368 929 1577 993 integras
1598 933 1753 979 terras
1774 945 1907 979 meas
1930 931 1988 979 de
2014 928 2284 994 Tempilhill
2307 944 2414 976 cum

486 1019 687 1081 quadam
710 1018 846 1082 pecia
868 1023 994 1068 terre
1018 1019 1067 1066 in
1089 1018 1200 1067 villa
1225 1019 1284 1066 de
1308 1017 1531 1082 Dalgady
1563 1033 1672 1066 cum
1695 1018 2006 1083 ‘pertinentiis
2027 1018 2125 1068 suis
2147 1017 2270 1067 infra
2295 1017 2415 1065 vice-

486 1107 763 1156 comitatum
809 1108 868 1156 de
915 1107 1086 1157 Forfar
1123 1135 1134 1145 ·
1171 1107 1422 1156 Tenendas
1457 1134 1468 1145 -
1507 1134 1518 1145 ·
1558 1134 1569 1145 ·
1605 1107 1664 1154 de
1722 1106 1952 1170 magistro
1995 1106 2070 1156 als
2113 1105 2412 1170 preceptorie

484 1195 733 1259 hospitalis
757 1195 922 1244 Sancti
943 1195 979 1243 J
981 1195 1180 1245 ohannis
1211 1195 1246 1243 J
1249 1194 1590 1249 erosolimitani
1623 1195 1684 1244 de
1719 1194 2009 1244 Torfechene
2047 1222 2057 1234 ·
2097 1222 2107 1233 ·
2146 1223 2156 1232 ·
2192 1194 2242 1242 in
2274 1194 2415 1242 feodo

485 1288 534 1332 et
579 1284 846 1333 hereditate
891 1284 1236 1348 imperpetuum
1275 1312 1286 1322 ·
1325 1312 1335 1323 ·
1372 1312 1384 1322 ·
1421 1284 1686 1332 Reddendo
1732 1283 1842 1332 inde
1887 1283 2132 1332 annuatim
2181 1311 2191 1321 ·
2230 1311 2241 1321 ·
2280 1311 2290 1320 ·
2327 1297 2413 1331 sex

483 1372 658 1422 solidos
680 1377 730 1422 et
753 1377 863 1422 octo
886 1373 1103 1423 denarios
1120 1372 1298 1423 usualis
1315 1376 1505 1421 monete
1524 1372 1686 1421 Scotie
1707 1373 1772 1420 ad
1791 1372 1968 1421 festum
1991 1371 2158 1420 Sancti
2179 1371 2214 1419 J
2217 1370 2415 1420 ohannis

483 1462 690 1526 baptiste
713 1476 820 1510 cum
843 1477 938 1510 una
958 1465 1092 1511 secta
1114 1460 1324 1525 quolibet
1352 1476 1485 1510 anno,
1510 1461 1574 1509 ad
1607 1460 1786 1510 curiam
1822 1460 1988 1509 Sancti
2021 1461 2056 1509 J
2058 1459 2259 1510 ohannis
2292 1459 2415 1506 infra

484 1550 860 1599 vicecomitatum
894 1550 954 1598 de
990 1550 1160 1616 Forfar
1193 1549 1449 1598 tenendam
1470 1553 1657 1598 tantum
1682 1563 1769 1613 pro
1790 1549 2007 1598 omnibus
2029 1548 2137 1598 aliis
2173 1577 2183 1586 ·
2222 1576 2232 1586 -
2271 1576 2282 1586 ·
2319 1563 2415 1596 ser-

485 1638 616 1688 uitiis
652 1666 663 1677 ·
701 1665 712 1677 ·
748 1665 760 1677 ·
797 1638 858 1686 In
879 1638 1012 1687 cuius
1046 1637 1115 1686 rei
1148 1637 1470 1687 testimonium
1504 1637 1707 1701 sigillum
1730 1654 1885 1690 meum
1908 1637 2250 1701 hnicpresenti
2280 1640 2412 1685 carte

486 1744 590 1776 mee
624 1732 698 1777 est
732 1741 990 1791 appensum
1029 1727 1155 1790 apud
1194 1725 1427 1774 Breohine
1450 1726 1603 1790 prima
1637 1726 1717 1774 die
1748 1725 1924 1776 mensis
1944 1726 1979 1774 J
1983 1725 2067 1774 ulii
2088 1741 2213 1774 anno
2236 1725 2414 1774 domini

487 1815 734 1866 millesimo
769 1815 1228 1879 quadringentesimo
1263 1814 1766 1879 quadragesimotertio
1803 1842 1813 1853 ·
1848 1814 2195 1878 Quamquidem
2231 1818 2414 1864 cartam

538 1933 549 1943 ·
588 1933 598 1942 ·
634 1904 968 1953 confirmamus⁴
997 1930 1008 1942 ·
1044 1903 1104 1950 In
1127 1903 1260 1952 cuius
1282 1903 1352 1951 rei
1374 1902 1697 1952 testimonium
1718 1903 1828 1951 huic
1850 1903 2059 1967 presenti
2086 1907 2218 1952 carte
2253 1908 2413 1953 nostre

486 1992 853 2042 confirmationis
875 1990 1078 2055 sigillum
1112 1995 1324 2040 nostrum
1362 2006 1608 2040 commune
1640 1995 1715 2041 est
1748 2007 2007 2055 appensum
2028 1993 2154 2056 apud
2179 1992 2412 2042 Brechine

485 2083 690 2131 secundo
713 2081 790 2130 die
814 2079 997 2130 Mensis
1017 2080 1053 2127 J
1055 2079 1139 2128 ulii
1161 2095 1285 2129 anno
1309 2079 1503 2128 Domini
1535 2079 1784 2129 millesimo
1818 2080 2278 2144 quadringentesimo
2301 2097 2414 2144 qua-

485 2170 746 2233 dragesimo
777 2169 924 2218 tertio
956 2184 1116 2218 coram
1149 2167 1241 2218 hiis
1274 2168 1478 2217 testibus
1511 2167 1731 2217 videlicet
1765 2169 1990 2232 magistro
2020 2169 2244 2219 Johanne
2289 2170 2412 2218 Lau-

485 2258 625 2307 rentii
647 2257 882 2306 licentiati
918 2257 967 2304 in
1003 2256 1209 2305 decretis
1233 2256 1407 2305 vicario
1443 2257 1502 2304 de
1540 2255 1739 2320 Culessy
1759 2257 1951 2306 domino
1975 2257 2134 2307 Dauid
2174 2257 2411 2309 Meldrum

483 2352 666 2396 rectore
701 2348 760 2395 de
796 2346 961 2410 Obyne
1000 2345 1211 2394 Henrico
1245 2345 1304 2392 de
1340 2343 1577 2393 Meldrum
1623 2345 1855 2408 armigero
1901 2345 2090 2394 domino
2136 2345 2410 2394 Alexandro

485 2437 662 2485 Thome
685 2435 860 2483 vicario
883 2434 942 2482 de
966 2433 1244 2482 Stracathro
1267 2432 1452 2482 notario
1474 2431 1663 2496 publico
1686 2437 1736 2481 et
1760 2433 1948 2482 domino
1972 2434 2166 2485 Andrea
2203 2434 2407 2486 walteri

482 2525 742 2590 presbitero
766 2539 872 2572 cum
897 2522 1058 2571 multis
1080 2521 1187 2571 aliis
1223 2549 1234 2560 ·

482 2721 719 2786 obligatio
743 2724 802 2772 de
827 2722 1000 2770 Dunde
1024 2738 1109 2786 pro
1133 2722 1430 2785 reparatione
1453 2718 1651 2768 ecclesie
1680 2720 1890 2770 eiusdem
1929 2750 1938 2758 -

391 2876 454 2923 53
488 2847 773 2928 Uniuersis
806 2882 856 2926 et
889 2877 1083 2940 singulis
1115 2879 1175 2926 ad
1211 2893 1408 2942 quorum
1441 2877 1660 2926 notitiam
1695 2881 1938 2940 presentes
1971 2876 2131 2926 littere
2153 2895 2405 2942 peruenen

478 2971 549 3017 int
587 2998 596 3006 ·
634 2967 908 3031 Propositus
945 2965 1109 3014 balliui
1149 2966 1404 3030 burgenses
1447 2964 1663 3014 consules
1708 2969 1757 3014 et
1804 2965 2118 3015 communitas
2163 2967 2298 3031 burgi
2345 2970 2403 3016 de

479 3058 651 3105 Dunde
686 3054 1018 3103 Brechinensis
1063 3054 1282 3104 dioecesis
1322 3053 1523 3103 salmam
1562 3082 1571 3092 -
1610 3081 1621 3091 —
1659 3081 1668 3091 ·
1706 3053 1905 3102 Nouerit
1962 3054 2248 3106 uniuersitas
2300 3073 2401 3106 ves-

476 3150 553 3193 tra
575 3145 698 3208 quod
722 3158 870 3206 nuper
892 3141 1017 3190 inter
1042 3141 1357 3190 venerabilem
1394 3170 1404 3180 -
1443 3170 1454 3179 -
1493 3169 1502 3179 ·
1532 3141 1772 3189 Jacobum
1809 3170 1819 3179 -
1859 3170 1868 3179 -
1908 3170 1917 3180 ·
1953 3142 2192 3193 Abbatem
2217 3161 2401 3195 monas·

473 3232 583 3281 terii
608 3233 665 3279 de
691 3230 923 3279 Londoris
958 3230 1297 3278 Sanctiandree
1326 3229 1542 3279 dioecesis
1576 3233 1626 3278 et
1657 3229 1868 3279 eiusdem
1892 3229 1984 3279 loci
2009 3237 2290 3283 conuentum
2315 3237 2394 3298 qui

474 3325 681 3375 rectores
714 3317 912 3367 ecclesie
946 3317 1229 3384 parochialis
1261 3318 1474 3369 existunt
1507 3323 1562 3366 etv
1590 3332 1777 3381 grossos
1814 3318 1996 3370 fructus
2041 3319 2248 3370 eiusdem
2294 3339 2399 3388 per-
