2950 3970
0 926 29 1129 ⁷-sz‘‹⁴Y-jw
14 910 15 915 „
0 782 27 895 ἵζ’-ην
10 755 18 767 ··
13 726 18 746 -ὴ

649 556 1112 623 REGISTRUM
1149 570 1685 634 EPISCOPATUS
1725 581 2306 644 BRECHINENSIS.
2370 591 2476 650 179

543 743 853 798 dinoscuntur
876 757 925 801 et
949 771 1035 804 nos
1058 758 1230 809 habere
1255 762 1539 814 dinoscimur
1555 783 1613 815 ac
1637 769 1869 819 indefesso
1892 774 2132 836 proposito
2156 775 2328 824 habere
2352 778 2469 827 velle

540 834 748 898 ipsarum
774 840 1078 894 ecclesiarum
1102 853 1349 900 commoda
1386 854 1709 906 desiderantes
1744 886 1754 895 ·
1793 859 1985 908 Necnon
2009 862 2068 910 ob
2092 862 2291 911 salutem
2314 866 2467 914 anime

538 930 699 975 nostre
724 933 772 977 et
799 930 953 981 Marie
973 937 1131 999 regine
1151 938 1311 989 Scotie
1329 944 1561 994 consortis
1578 950 1737 995 nostre
1761 951 1810 996 et
1834 949 2094 998 animarum
2118 956 2466 1002 antecessorum

535 1018 586 1063 et
609 1030 931 1069 successorum
955 1029 1221 1075 nostrorum
1244 1045 1404 1093 regum
1423 1032 1583 1082 Scotie
1607 1038 1655 1083 et
1680 1039 1887 1084 omnium
1911 1038 2115 1087 fidelium
2141 1041 2463 1090 defunctorum

534 1105 596 1152 ad
632 1106 841 1158 futuram
879 1112 947 1160 rei
984 1116 1257 1166 memoriam
1294 1146 1305 1156 ·
1343 1119 1538 1169 Necnon
1574 1138 1635 1170 ex
1670 1123 2007 1174 deliberatione
2031 1131 2080 1175 et
2105 1128 2295 1178 decreto
2318 1130 2461 1178 trium

533 1199 744 1247 statuum
791 1202 921 1263 regni
967 1205 1116 1252 nostri
1175 1206 1224 1255 in
1280 1210 1487 1271 presenti
1545 1211 1855 1274 parliamento
1912 1220 2295 1279 congregatorum
2352 1234 2460 1266 con-

532 1286 755 1344 cedimuS,
794 1305 851 1338 ac
888 1308 974 1355 pro
1010 1294 1146 1344 nobis
1183 1299 1232 1344 et
1269 1299 1615 1349 successoribus
1649 1302 1822 1350 nostris
1857 1306 2084 1365 perpetuo
2118 1305 2349 1367 presentis
2372 1306 2460 1353 cir-

530 1377 726 1441 ographi
750 1382 915 1429 tenore
951 1384 1281 1435 confirmamus
1315 1391 1371 1435 vt
1406 1403 1568 1436 omnes
1602 1392 1651 1436 et
1685 1389 1853 1453 singuli
1877 1390 2178 1440 ecclesiarum
2204 1393 2461 1442 Cathedra

526 1463 641 1514 lium
680 1469 809 1531 regni
847 1472 996 1519 nostri
1034 1473 1241 1538 episcopi
1264 1491 1387 1524 nunc
1411 1477 1672 1526 existentes
1708 1482 1757 1526 et
1793 1479 1941 1527 futuri
1975 1480 2161 1544 planam
2186 1485 2234 1529 et
2259 1482 2452 1529 liberam

525 1558 768 1619 perpetuis
803 1558 974 1609 futuris
1010 1563 1301 1626 temporibus
1337 1565 1543 1613 habeant
1577 1570 1968 1639 testamentorum
1992 1584 2178 1617 suorum
2202 1570 2453 1618 factionem

527 1645 722 1693 Necnon
761 1648 819 1695 de
857 1649 1073 1699 omnibus
1112 1655 1161 1699 et
1198 1652 1394 1715 singulis
1430 1653 1569 1702 rebus
1606 1654 1821 1711 clinodiis
1851 1655 2084 1718 jocalibus
2120 1657 2270 1721 ciphis
2292 1660 2451 1707 tassiis

522 1735 803 1785 vtensilibus
826 1736 1108 1788 cocliaribus
1126 1741 1251 1789 vasis
1269 1741 1425 1790 aureis
1447 1742 1682 1804 argenteis
1705 1747 1754 1790 et
1779 1745 2028 1800 deauratis,
2051 1744 2203 1794 bladis
2227 1747 2453 1795 messibus

518 1825 768 1887 pecoribus
793 1827 928 1891 equis
952 1827 1101 1877 bobus
1124 1829 1281 1878 vaccis
1303 1830 1566 1894 ceterisque
1589 1831 1869 1882 animalibus
1903 1836 1951 1881 et
1986 1832 2092 1882 aliis
2115 1834 2249 1883 bonis
2271 1835 2452 1882 mobili-

517 1914 606 1963 bus
644 1915 1001 1980 quibuscunque
1038 1933 1162 1965 nunc
1200 1918 1409 1967 obtentis
1442 1934 1526 1967 seu
1560 1924 1727 1983 postea
1749 1937 1834 1984 per
1867 1936 1950 1970 eos
1983 1921 2060 1969 uel
2082 1938 2241 1970 eorum
2266 1923 2447 1986 aliquos

516 2004 786 2054 obtinendis
823 2006 1163 2070 disponendum
1206 2006 1391 2070 plenam
1430 2011 1479 2055 et
1516 2007 1711 2056 liberam
1751 2009 1957 2057 habeant
1998 2013 2283 2073 potestatem
2322 2038 2331 2048 ·
2371 2011 2448 2058 In-

515 2110 657 2157 super
679 2099 844 2143 tenore
868 2095 1155 2158 presentium
1181 2095 1481 2144 concedimus
1515 2100 1564 2143 et
1600 2112 1661 2143 ex
1686 2095 2022 2145 deliberatione
2047 2097 2277 2145 dictorum
2300 2098 2455 2146 trium·

516 2184 646 2247 regni
670 2184 821 2234 nostri
845 2189 1054 2234 statuum
1092 2200 1177 2248 pro
1212 2183 1348 2233 nobis
1385 2188 1434 2232 et
1473 2184 1819 2233 successoribus
1841 2185 2015 2233 nostris
2038 2186 2360 2234 confirmamus
2394 2190 2444 2233 vt

514 2273 713 2336 prefatis
750 2273 952 2323 dominis
987 2273 1293 2322 ecclesiarum
1332 2273 1461 2337 regni
1497 2274 1647 2323 nostri
1683 2273 2022 2322 cathedralium
2046 2273 2277 2337 episcopis
2300 2274 2443 2322 etiam

515 2363 812 2426 presentibus
847 2367 896 2410 et
930 2362 1103 2410 futuris
1138 2361 1475 2410 decedentibus
1509 2376 1671 2411 omnes
1704 2366 1754 2410 et
1789 2361 1959 2424 singuli
1982 2361 2164 2410 fructus
2186 2365 2442 2425 prouentus

515 2453 730 2501 redditus
753 2457 802 2500 et
827 2451 1137 2500 obuentiones
1173 2450 1478 2499 ecclesiarum
1513 2454 1563 2498 et
1598 2450 1926 2498 beneficiorum
1950 2465 2345 2513 quorumcumque
2379 2451 2439 2497 ad

516 2542 845 2606 episcoporum
868 2556 1056 2590 mensas
1090 2539 1400 2604 spectantium
1440 2543 1489 2586 et
1524 2538 1680 2586 omnia
1704 2537 2018 2586 emolumenta
2041 2537 2441 2601 qualitercumque

516 2633 577 2679 ad
618 2629 1003 2695 spiritualitatem
1026 2627 1313 2694 pertinentia
1353 2627 1633 2675 durantibus
1671 2626 1876 2690 ipsarum
1914 2625 2213 2674 ecclesiarum
2236 2625 2441 2673 vacatio-

514 2737 626 2769 num
666 2720 958 2784 temporibus
993 2734 1078 2783 per
1114 2717 1313 2766 vicarios
1348 2714 1591 2778 generales
1627 2715 1878 2762 earundem
1912 2729 1997 2776 pro
2029 2718 2143 2761 tunc
2178 2713 2438 2762 existentes

512 2810 737 2858 leuentur
759 2808 1048 2872 recipiantur
1082 2806 1361 2869 colligantur
1383 2807 1433 2852 et
1458 2803 1766 2867 disponantur
1789 2801 2018 2850 Volumus
2040 2800 2367 2849 nichilominus
2390 2805 2438 2847 et

512 2899 572 2946 ob
612 2899 707 2947 Dei
745 2895 1083 2961 omnipotentis
1120 2892 1509 2958 complacentiam
1533 2891 1801 2940 ordinamus
1824 2890 1949 2953 quod
1985 2889 2100 2937 dicti
2134 2888 2436 2937 ecclesiarum

512 2985 853 3047 cathedralium
873 2984 1036 3033 vicarii
1052 2982 1294 3048 generales
1317 2982 1375 3029 de
1399 2979 1613 3028 omnibus
1631 2982 1680 3027 et
1698 2977 1891 3042 singulis
1909 2977 2210 3026 ecclesiarum
2230 2982 2278 3025 et
2297 2979 2436 3025 bene-

511 3075 724 3124 ficiorum
748 3074 1114 3138 prescriptorum
1138 3070 1401 3119 redditibus
1423 3068 1666 3117 fructubus
1700 3066 2106 3130 procurationibus
2140 3070 2188 3114 et
2224 3066 2436 3113 omnibus

510 3163 618 3212 aliis
640 3162 970 3212 emolumentis
1004 3163 1065 3210 ad
1101 3161 1330 3209 dictarum
1366 3156 1667 3206 ecclesiarum
1692 3154 2030 3204 cathedralium
2054 3153 2434 3218 spiritualitatem

510 3251 836 3316 spectantibus
881 3267 966 3316 per
1006 3266 1088 3299 eos
1134 3246 1412 3312 recipiendis
1457 3245 1690 3293 dictorum
1738 3244 2057 3308 episcoporum
2107 3241 2432 3290 decedentium
