2950 3970
554 663 669 719 234
720 661 1185 717 REGISTRUM
1223 661 1765 717 EPISCOPATUS
1805 662 2399 721 BREOHINENSIS.

557 852 863 901 Presentibus
899 851 1074 899 ibidem
1115 850 1316 899 dominis
1357 849 1652 898 Allexandro
1698 850 1886 899 Moress
1931 851 1967 897 J
1969 851 2155 899 ohanne
2201 853 2481 904 Dauidsouu

554 940 801 989 Willelmo
825 939 1013 988 Gilbert
1037 937 1295 1003 capellanis
1319 938 1524 1001 Georgio
1548 938 1694 1002 Speid
1718 939 1777 986 de
1801 939 2064 1003 Auchdovy
2085 934 2119 987 J
2123 942 2272 990 acobo
2295 943 2482 1007 Scrym-

550 1045 697 1093 geour
719 1032 769 1077 et
794 1028 1030 1091 Magistro
1053 1027 1238 1075 Thoma
1263 1027 1478 1090 Ramsay
1493 1030 1654 1075 tutore
1673 1027 1732 1075 de
1752 1027 1953 1091 Arbeky
1977 1027 2268 1093 diuersisque
2291 1031 2399 1080 aliis
2437 1062 2446 1070 ·

578 1151 581 1154 -
621 1118 687 1166 Et
710 1133 796 1180 ego
817 1116 853 1163 J
856 1117 1035 1165 acobus
1059 1115 1362 1164 Robertsoun
1384 1115 1635 1178 presbyter
1670 1115 2004 1166 Brechinensis
2032 1117 2235 1167 diocesis
2257 1134 2483 1184 sacra-que

548 1206 835 1255 auctoritate
853 1204 1117 1268 apostolica
1133 1205 1348 1253 notarius
1370 1203 1587 1267 publicus
1609 1220 1666 1252 ac
1684 1204 1840 1253 scriba
1857 1205 2188 1254 canonicorum
2213 1211 2263 1256 et
2286 1210 2482 1271 capituli

551 1294 939 1343 Brechinensium
978 1321 988 1331 ·
1024 1293 1150 1349 Quia
1181 1292 1407 1356 premisse
1443 1293 1607 1340 charte
1639 1293 1932 1343 fundationis
1954 1294 2200 1343 traditioni
2223 1298 2482 1360 receptioni

550 1382 816 1447 perlecture
849 1381 1179 1445 approbationi
1212 1380 1511 1444 promissioni
1547 1382 1740 1429 decreto
1775 1382 2039 1445 ceterisque
2073 1383 2315 1446 premissis
2336 1387 2485 1434 omni-

550 1473 641 1521 bus
676 1475 726 1520 et
763 1470 958 1534 singulis
994 1471 1104 1518 dum
1142 1470 1211 1518 sic
1247 1473 1301 1517 ut
1338 1469 1633 1533 premittitur
1669 1469 1939 1518 dicerentur
1971 1471 2223 1534 agerentur
2246 1477 2296 1520 et
2317 1474 2484 1523 fierent

554 1577 750 1610 vnacum
796 1560 1136 1625 prenominatis
1174 1559 1379 1607 testibus
1418 1575 1613 1623 presens
1655 1559 2060 1623 personaliterque
2101 1561 2294 1610 interfui
2334 1579 2484 1627 eaque

552 1651 710 1699 omnia
733 1654 782 1698 et
806 1649 991 1713 singula
1012 1650 1082 1699 sic
1103 1649 1204 1697 fieri
1226 1649 1323 1697 vidi
1347 1649 1465 1698 sciui
1500 1653 1549 1697 et
1585 1649 1749 1697 audiui
1783 1665 1841 1698 ac
1874 1650 1924 1697 in
1957 1653 2121 1698 notam
2143 1652 2322 1715 sumpsi
2345 1653 2485 1701 Ideo-

550 1755 642 1802 que
663 1738 931 1787 huiusmodi
953 1737 1219 1787 huiusmodi
1253 1737 1617 1785 instrumentum
1641 1738 1856 1786 chartam
1879 1738 1928 1786 in
1951 1754 2003 1787 se
2038 1739 2286 1788 continens
2309 1740 2356 1787 in
2379 1731 2485 1804 pre·
2575 1753 2594 1761 ’·

551 1827 676 1876 senti
710 1826 832 1875 libro
869 1826 1149 1890 inscriptum
1186 1829 1237 1874 et
1275 1825 1578 1888 registratum
1612 1841 1757 1874 manu
1791 1843 1898 1875 mea
1932 1827 2123 1890 propria
2147 1828 2336 1876 Exinde
2376 1830 2485 1877 sub-

552 1915 719 1979 scripsi
743 1919 793 1963 et
817 1914 1011 1977 Signaui
1046 1915 1191 1977 Signo
1214 1914 1403 1962 nomine
1438 1918 1488 1961 et
1519 1914 1864 1978 subscriptione
1886 1915 2006 1965 meis
2029 1915 2183 1967 solitis
2216 1922 2266 1966 et
2289 1934 2484 1968 consue-

552 2004 618 2053 tis
642 2004 691 2052 in
713 2003 853 2053 fidem
876 2007 925 2052 et
947 2002 1270 2052 testimonium
1294 2003 1626 2066 premissorum
1649 2006 1841 2066 rogatus
1863 2007 1955 2052 etc.
