2950 3970
590 631 1054 688 REGISTRUM
1092 634 1627 692 EPISOOPATUS
1669 628 2255 696 BREOHINENSIS.
2309 640 2414 694 159

490 819 660 868 hannis
685 821 744 868 de
770 820 1001 885 Glascory
1024 823 1058 870 J
1063 823 1259 872 ohannis
1283 823 1486 872 Galfridi
1511 830 1560 874 et
1582 826 1615 872 J
1620 827 1818 876 ohannis
1841 827 2101 876 Alexandri
2125 843 2262 891 quam
2298 827 2413 875 cita-

490 907 671 956 tionem
695 909 896 959 vidimus
919 911 1171 974 sigillatam
1196 912 1348 975 sigillo
1373 915 1574 962 rotundo
1599 915 1714 963 dicti
1738 916 1982 967 reuerendi
2017 915 2166 979 patris
2189 919 2238 964 et
2262 914 2412 976 sigillo

492 998 671 1046 domini
697 998 930 1047 Willelmi
955 1000 1186 1063 capellani
1224 1001 1507 1064 parochialis
1542 1002 1874 1052 Brechinensis
1907 1003 2173 1053 executoris
2209 1002 2414 1055 eiusdem

492 1103 583 1150 que
623 1087 779 1151 sigilla
823 1089 943 1137 bene
991 1091 1293 1152 cognouimus
1330 1118 1340 1127 ·
1379 1091 1444 1138 Et
1491 1107 1631 1154 quam
1678 1091 1952 1140 citationem
1997 1090 2182 1154 publice
2228 1089 2318 1153 legi
2367 1090 2413 1136 in

485 1177 667 1238 judicio
691 1177 957 1226 audiuimus
993 1182 1040 1225 et
1075 1194 1160 1240 per
1195 1179 1392 1226 eandem
1429 1179 1667 1241 predictos
1691 1178 1848 1227 vocari
1885 1207 1896 1217 ·
1933 1179 2114 1234 Quibus
2147 1178 2326 1227 vocatis
2361 1182 2435 1225 et·

490 1266 873 1329 comparentibus
921 1267 986 1314 Et
1035 1266 1232 1330 quilibet
1279 1267 1465 1330 publice
1517 1267 1704 1328 juratus
1742 1295 1752 1305 ·
1790 1267 1948 1315 Dauid
1995 1267 2189 1316 Forster
2232 1266 2409 1330 primus

491 1355 632 1403 testis
654 1355 800 1403 etatis
821 1355 1019 1417 triginta
1042 1359 1267 1417 quattuor
1289 1370 1515 1403 annorum
1540 1355 1855 1418 interrogatus
1877 1370 2017 1418 super
2038 1355 2188 1418 primo
2211 1353 2413 1402 articulo

493 1443 677 1492 scilicet
714 1459 745 1490 a
777 1447 956 1507 quanto
992 1447 1205 1505 tempore
1241 1442 1461 1505 cognouit
1499 1442 1547 1504 ly
1587 1443 1782 1491 Woster
1817 1442 1969 1490 Drum
2009 1446 2058 1490 et
2099 1442 2417 1490 inhabitantes

493 1533 542 1580 in
565 1533 731 1580 eadem
749 1531 938 1594 juratus
962 1531 1214 1594 respondet
1238 1531 1362 1594 quod
1385 1530 1445 1577 ab
1469 1529 1605 1578 annis
1629 1529 1924 1578 discretionis
1960 1533 2010 1577 et
2046 1530 2220 1577 dictam
2258 1528 2414 1577 villam

494 1627 544 1670 et
579 1620 903 1670 inhabitantes
937 1621 1159 1682 cognouit
1197 1646 1207 1656 ·
1244 1619 1570 1679 Interrogatus
1604 1633 1745 1680 super
1782 1618 1988 1665 secundo
2010 1615 2210 1665 articulo
2233 1615 2414 1666 scilicet

494 1712 534 1760 si
559 1710 780 1773 cognouit
806 1709 930 1772 quod
955 1707 1277 1755 inhabitantes
1299 1706 1348 1768 ly
1374 1706 1569 1753 Woster
1592 1705 1742 1752 Drum
1766 1709 1815 1753 et
1838 1704 2156 1752 inhabitantes
2180 1704 2228 1751 in
2253 1705 2416 1752 eadem

487 1803 678 1862 juratus
701 1798 955 1862 respondet
976 1797 1106 1860 quod
1130 1795 1451 1843 inhabitantes
1468 1792 1518 1856 ly
1538 1792 1733 1841 Woster
1751 1792 1902 1840 Drum
1925 1796 1973 1840 et
1997 1792 2186 1840 cottarii
2209 1791 2413 1840 eiusdem

495 1892 724 1938 venerunt
749 1889 809 1936 ad
834 1887 990 1935 curias
1013 1883 1243 1948 capitales
1267 1882 1340 1931 vel
1376 1881 1496 1931 alias
1529 1882 1682 1930 curias
1717 1881 1924 1944 episcopi
1949 1880 2276 1928 Brechinensis
2299 1880 2418 1926 infra

495 1996 582 2028 sex
605 1993 755 2027 annos
779 1976 997 2025 ultimate
1017 1973 1202 2037 elapsos
1237 2007 1248 2018 .
1286 1972 1352 2019 Et
1375 1972 1415 2019 si
1439 1986 1531 2018 non
1550 1973 1776 2017 venerunt
1800 1984 1892 2032 qua
1914 1969 1972 2015 de
1996 1983 2137 2016 causa
2172 2001 2184 2014 .
2218 1967 2251 2014 J
2258 1971 2416 2015 uratus

495 2068 751 2132 respondet
775 2066 900 2129 quod
928 2080 1022 2111 non
1062 2065 1289 2110 venerunt
1313 2060 1373 2107 ad
1398 2059 1552 2106 curias
1575 2062 1624 2105 et
1647 2073 1709 2105 ex
1732 2056 2022 2104 inhibutione
2047 2055 2364 2103 archidiaconi
2403 2084 2412 2092 ·

497 2159 828 2218 Interrogatus
863 2155 921 2200 de
956 2151 1100 2200 tertio
1135 2148 1336 2198 articulo
1370 2147 1551 2196 scilicet
1575 2146 1650 2193 cui
1675 2145 1864 2194 cottarii
1898 2148 1947 2191 et
1981 2143 2062 2191 alii
2098 2143 2415 2191 inhabitantes

497 2246 740 2295 soluerunt
778 2244 935 2290 firmas
970 2240 1093 2288 infra
1128 2239 1306 2286 dictum
1340 2240 1527 2298 tempus
1561 2234 1635 2281 vel
1673 2233 1803 2282 dicto
1847 2231 2175 2280 archidiacono
2221 2231 2294 2278 vel
2340 2233 2414 2278 cui

497 2335 637 2383 alteri
660 2333 735 2382 vel
758 2332 892 2380 cuius
915 2328 1105 2378 nomine
1141 2362 1153 2373 .
1188 2327 1221 2372 J
1227 2329 1389 2373 uratus
1417 2323 1669 2386 respondet
1707 2322 1830 2384 quod
1868 2319 2111 2368 soluerunt
2135 2320 2290 2367 firmas
2312 2335 2419 2367 suas

500 2426 629 2472 dicto
665 2421 998 2470 archidiacono
1035 2446 1047 2455 ·
1084 2416 1150 2464 Et
1186 2415 1227 2463 si
1258 2412 1398 2461 alteri
1433 2411 1674 2460 soluerunt
1707 2409 1797 2456 hoc
1831 2411 1934 2455 erat
1969 2407 2155 2455 nomine
2189 2407 2418 2454 archidia-

500 2513 606 2562 coni
642 2549 652 2558 .
690 2511 1019 2570 Interrogatus
1043 2520 1182 2568 super
1205 2505 1374 2566 quarto
1397 2498 1596 2547 articulo
1619 2497 1799 2547 scilicet
1822 2496 1862 2545 si
1886 2495 2025 2544 sciuit
2048 2494 2122 2542 vel
2144 2494 2324 2543 audiuit
2347 2510 2418 2543 se-

500 2600 869 2666 questrationem
894 2595 969 2644 vel
991 2591 1390 2657 sequestrationes
1414 2586 1620 2651 episcopi
1644 2585 1743 2632 fieri
1766 2600 1905 2647 super
1937 2583 2165 2631 fructibus
2198 2583 2312 2631 dicti
2346 2600 2419 2630 ar-

502 2691 858 2740 chidiaconatus
877 2701 969 2749 quo
986 2685 1048 2731 ad
1067 2682 1239 2730 dictam
1260 2677 1418 2726 villam
1436 2677 1494 2722 de
1514 2673 1755 2722 Drummis
1781 2700 1791 2710 ·
1814 2673 1848 2721 J
1854 2675 2013 2719 uratus
2031 2671 2280 2733 respondet
2295 2672 2418 2734 quod

502 2780 686 2829 audiuit
702 2782 751 2826 et
765 2775 906 2826 sciuit
933 2802 942 2812 ·
968 2772 1296 2832 Interrogatus
1314 2767 1371 2813 de
1391 2763 1554 2827 quinto
1572 2760 1772 2810 articulo
1786 2759 1966 2808 scilicet
1983 2758 2023 2807 si
2042 2761 2234 2806 vocatus
2251 2758 2340 2805 fuit
2358 2759 2417 2805 ad

503 2868 788 2918 audiendum
803 2865 1007 2927 seipsum
1032 2855 1299 2907 denuntiari
1318 2850 1774 2901 excommunicatum
1792 2851 1984 2911 propter
2000 2846 2276 2898 fractionem
2295 2847 2418 2893 dicte

504 2952 895 3022 sequestrationis
933 2979 942 2988 ·
981 2950 1046 2996 Et
1071 2949 1110 2995 si
1134 2946 1298 2994 eodem
1337 2941 1412 2988 die
1447 2938 1802 2986 archidiaconus
1827 2935 1916 2982 fuit
1940 2937 2133 2982 vocatus
2157 2937 2205 2980 et
2229 2949 2290 2980 ex
2313 2949 2422 2980 con-

504 3044 714 3096 tumacia
735 3047 785 3091 et
803 3044 996 3105 propter
1019 3035 1294 3084 fractionem
1313 3027 1616 3077 denuntiatus
1642 3053 1651 3062 ·
1675 3025 1708 3071 J
1714 3027 1876 3071 uratus
1898 3022 2150 3084 respondet
2174 3022 2298 3084 quod
2322 3022 2420 3084 ipse

504 3136 596 3184 fuit
619 3136 815 3182 vocatus
851 3129 979 3176 dicta
1003 3126 1060 3173 de
1085 3137 1228 3171 causa
1266 3146 1275 3155 ·
1314 3118 1380 3164 Et
1412 3115 1575 3162 eadem
1609 3113 1668 3159 de
1702 3126 1845 3158 causa
1878 3109 2033 3158 dictus
2066 3108 2420 3157 archidiaconus

505 3226 596 3273 fuit
620 3224 816 3270 vocatus
839 3221 888 3265 et
913 3231 975 3263 ex
998 3207 1295 3260 contumacia
1320 3202 1623 3252 denuntiatus
1660 3227 1670 3236 ·
1707 3198 1950 3245 Secundus
1983 3197 2122 3245 testis
2155 3195 2425 3244 Alexander

510 3311 702 3360 Wricht
739 3306 885 3355 etatis
924 3299 1235 3365 quadraginta
1274 3307 1499 3342 annorum
1536 3293 1584 3336 et
1622 3287 1747 3336 ultra
1783 3287 2096 3347 interrogatus
2118 3300 2257 3347 super
2279 3286 2426 3347 primo
