2950 3970
347 600 442 652 xiv

444 774 612 813 XLVII.

424 964 611 1002 XLVIII.

465 1089 613 1127 XLIX.

542 1533 607 1570 LI.

521 1722 608 1759 LII.

505 1911 613 1949 LIII.

505 2037 611 2074 LIV.

527 2228 612 2266 LV.

502 2417 610 2455 LVI.

484 2607 612 2645 LVII.

461 2731 609 2770 LVIII.

511 2920 616 2958 LIX.

525 3046 611 3084 LX.

510 3235 614 3273 LXI.

1249 587 1713 644 TABULA.

669 770 918 812 Confirmatio
938 769 1138 808 Canai-um
1153 767 1202 805 de
1220 767 1398 805 libertate
1416 765 1465 803 de
1490 765 1671 814 Breehyn
1691 766 1728 802 in
1749 763 1926 802 omnibus
1943 775 2012 813 per
2037 764 2227 803 Jacobum
2242 760 2452 800 secundum
2468 759 2616 810 Regem

768 836 988 875 Scottorum
1008 832 1056 869 de
1076 830 1251 869 omnibus
1270 830 1398 867 cartis.
1456 825 1497 878 [1
1522 827 1630 877 Sept.
1651 826 1786 880 1451.]

670 961 849 1000 Facultas
868 958 1058 998 condendi
1077 959 1308 996 testamenta
1327 966 1508 993 concessa
1528 954 1744 1004 Episcopis.
1801 950 1871 1005 [24
1891 953 1996 1003 Sept.
2019 955 2152 1007 1451.]

668 1085 918 1126 Mortificatio
949 1085 1069 1134 Regis
1096 1084 1144 1121 de
1171 1095 1299 1121 annuo
1331 1081 1483 1120 redditu
1511 1093 1588 1118 xxx
1603 1092 1633 1118 S.
1661 1081 1710 1118 de
1738 1081 1850 1119 terris
1876 1080 1925 1118 de
1958 1080 1990 1118 F
1991 1081 2154 1130 yndlark
2181 1082 2271 1120 dato
2298 1095 2367 1132 per
2394 1084 2616 1133 magistrum

767 1150 980 1187 Robertum
1011 1146 1237 1187 Crannoehe
1266 1150 1464 1184 cantorem
1496 1143 1797 1182 Brechinensem
1826 1143 2042 1193 Capelianis
2071 1143 2188 1183 Chori
2207 1145 2388 1184 eiusdem.
2446 1144 2488 1197 [2
2510 1148 2616 1196 Aug.

770 1211 904 1264 1453]

670 1340 973 1378 Instrumentum
990 1336 1206 1376 donationis
1220 1349 1267 1374 ae
1281 1334 1551 1385 assignationis
1570 1334 1686 1372 annui
1705 1333 1877 1373 redditus
1895 1338 2082 1372 terrarum
2100 1334 2148 1372 de
2168 1333 2363 1383 Fyndiark
2382 1335 2461 1373 dati
2482 1335 2619 1385 Capel-

768 1403 864 1441 lanis
886 1402 1062 1441 Ecclesie
1085 1401 1366 1440 Brechinensis.
1420 1395 1463 1449 [9
1486 1399 1576 1438 Oct.
1598 1397 1734 1451 1453.]

666 1531 783 1569 Carta
814 1530 978 1568 Roberti
1010 1528 1059 1566 de
1090 1527 1173 1565 Hill
1206 1526 1311 1564 faeta
1344 1525 1509 1563 vicariis
1537 1530 1576 1562 et
1606 1524 1824 1574 Capelianis
1852 1523 2027 1563 Ecclesie
2056 1523 2327 1562 Brechinensis
2353 1537 2423 1575 pro
2455 1527 2618 1564 seruicio

768 1593 895 1632 fiendo
914 1605 984 1643 pro
1002 1592 1108 1630 dicto
1127 1589 1300 1628 Roberto
1318 1597 1357 1627 et
1375 1588 1560 1638 Marjoria
1579 1587 1684 1627 Guld
1702 1600 1843 1637 sponsa
1861 1599 1941 1625 sua.
1998 1584 2041 1639 [3
2063 1587 2166 1626 Nov.
2182 1588 2316 1641 1453]

664 1719 800 1759 Litera
829 1718 1075 1768 obligationis
1106 1716 1349 1755 Vicariorum
1377 1719 1418 1754 et
1447 1715 1741 1764 Capellanorum
1770 1713 1946 1752 Ecclesie
1975 1714 2245 1754 Breohinensis
2272 1728 2342 1766 pro
2372 1716 2542 1754 Roberto
2569 1718 2616 1754 de

772 1782 854 1820 Hiu
873 1787 913 1820 et
932 1781 1120 1831 Marjoria
1140 1779 1266 1818 Gulde
1286 1792 1426 1829 sponsa
1444 1791 1526 1818 sua.
1583 1777 1650 1829 [17
1673 1777 1775 1816 Nov.
1799 1776 1934 1830 1453.]
2084 1777 2088 1780 ’

668 1909 968 1947 Instrumentum
989 1906 1137 1946 Saisine
1157 1908 1197 1944 in
1214 1906 1387 1944 favorem
1407 1905 1436 1944 J
1439 1906 1549 1944 acobi
1571 1905 1708 1944 Smart.
1765 1902 1808 1955 [9
1830 1905 1924 1956 Maij
1946 1903 2078 1956 1458.]

670 2035 785 2074 Carta
814 2034 1046 2072 venditionis
1073 2034 1121 2072 de
1148 2033 1297 2071 duabus
1325 2034 1462 2071 marcis
1489 2033 1537 2071 de
1566 2032 1677 2070 terris
1704 2031 1752 2070 de
1782 2032 2006 2070 Cukestoun
2028 2031 2134 2071 facta
2161 2031 2336 2070 waltero
2363 2032 2411 2071 de
2441 2033 2618 2084 Carnegy

768 2109 836 2146 per
862 2096 1079 2135 Johannem
1098 2096 1147 2134 de
1167 2096 1250 2133 Hill
1268 2096 1317 2134 de
1340 2096 1576 2135 Cukestoun.
1630 2093 1697 2146 [21
1721 2094 1818 2133 Dec.
1841 2092 1974 2146 1461.]

667 2226 895 2265 Exhortatio
924 2225 1045 2275 Regis
1073 2222 1102 2261 J
1105 2223 1215 2261 acobi
1243 2221 1389 2260 directa
1417 2221 1613 2271 Episcopo
1634 2221 1884 2259 Brechinensi
1911 2220 1960 2258 ad
1987 2221 2246 2260 reuocandum
2264 2223 2525 2272 possessiones
2544 2223 2618 2262 Ec-

778 2289 894 2327 clesie
916 2287 1185 2326 Brechinensis
1202 2286 1334 2336 inique
1353 2286 1548 2323 alienatas.
1605 2282 1648 2335 [2
1667 2285 1756 2323 Jan.
1778 2282 1958 2336 1463-4.]

668 2415 990 2464 Transsumptum
1038 2413 1289 2452 Iusti-umenti
1334 2425 1449 2462 super
1491 2416 1715 2451 tenemento
1751 2417 1791 2450 et
1825 2411 2105 2462 interruptione
2140 2414 2393 2463 possessionis
2431 2413 2615 2453 eiusdem.

769 2475 839 2530 [14
866 2479 965 2530 Maij
989 2475 1139 2529 1464]-

667 2605 904 2645 protestatio
925 2604 1102 2656 Magistri
1121 2603 1150 2643 J
1154 2604 1314 2642 ohannis
1334 2603 1434 2641 Lok.
1490 2599 1559 2653 [23
1583 2602 1677 2642 Oet.
1699 2601 1834 2655 1464]

668 2731 859 2843 Redu[otio
879 2730 1092 2769 Balliuatus
1114 2731 1279 2769 Walteri
1297 2730 1507 2780 Dempstar
1525 2735 1564 2768 et
1582 2729 1833 2768 assedationis
1852 2734 2038 2768 terrarum
2058 2728 2314 2780 Episcopatus
2333 2731 2615 2771 Brechinensis.

794 2796 814 2830 7
836 2794 935 2832 Mar.
958 2794 1139 2847 1464-5.]

671 2919 864 2959 Alteratio
881 2920 955 2958 fori
976 2921 1247 2960 Brechinensis
1265 2933 1290 2959 a
1308 2920 1370 2959 die
1390 2919 1598 2959 Dominica
1615 2920 1663 2958 ad
1682 2919 1783 2958 diem
1804 2918 1926 2957 Lune.
1982 2916 2052 2969 [29
2071 2918 2100 2957 J
2106 2932 2169 2959 un.
2192 2920 2323 2973 1466.]

667 3046 966 3159 Instriimentum
988 3047 1299 3085 Renuntiationis
1326 3046 1515 3086 Johannis
1535 3046 1744 3096 Dempstar
1762 3050 1948 3084 terrarum
1976 3046 2023 3084 de
2054 3046 2234 3086 Ardauch
2255 3060 2341 3085 cum
2362 3049 2614 3097 pertinentiis.

789 3110 813 3145 4-
831 3109 929 3159 Maij
952 3109 1085 3161 1468]

672 3234 971 3348 Instrfinegtum
993 3234 1280 3285 Resignationis
1294 3239 1335 3276 et
1347 3235 1599 3287 possessionis
1618 3236 1735 3274 annui
1754 3235 1926 3275 redditus
1944 3235 2034 3286 xxvj
2049 3248 2078 3273 s.
2098 3235 2162 3286 viij
2176 3236 2213 3275 d.
2235 3236 2393 3275 Roberti
2415 3237 2614 3277 Thouless.

795 3298 843 3336 10
894 3311 959 3338 un.
980 3298 1114 3351 1469.]
