2950 3970
483 622 594 678 228
661 625 1125 684 REGISTRUM
1161 629 1701 686 EPISCOPATUS
1741 625 2333 683 BRECHINENSIS.

494 827 612 875 copo
649 816 874 863 moderno
901 816 1146 879 Magistris
1182 817 1360 866 Thome
1397 819 1708 882 Scrymgeour
1741 815 1924 864 cantori
1946 815 1981 862 J
1984 815 2155 863 ohanni
2190 815 2419 877 Hepburn

496 901 790 951 thesaurario
823 904 858 950 J
861 904 1033 952 ohanni
1071 905 1322 953 Cockburn
1360 907 1534 954 rectori
1575 907 1634 953 de
1677 903 1885 952 Kilmoir
1923 907 1973 951 et
2014 903 2202 951 domino
2243 902 2421 950 Thome

499 989 781 1054 Abircromy
804 993 978 1040 rectori
1004 994 1063 1040 de
1089 993 1344 1056 Buthirgill
1368 993 1608 1042 canonicis
1632 990 2030 1040 Brechinensibus
2053 990 2101 1038 in
2125 991 2264 1038 domo
2298 989 2425 1053 capi·

498 1077 641 1125 tulari
683 1079 891 1127 eiusdem
923 1078 1263 1144 ‘capitulariter
1315 1082 1612 1146 congregatis
1662 1079 1860 1129 tradidit
1900 1078 2230 1143 perlegendam
2286 1106 2296 1116 ·
2352 1106 2362 1115 -
2416 1105 2426 1115 ·

498 1170 547 1213 et
595 1167 796 1230 desuper
840 1168 1116 1217 auisandam
1170 1197 1180 1207 ·
1223 1169 1561 1234 Cuiusquidem
1609 1170 1772 1218 charte
1823 1196 1833 1206 ·
1889 1196 1899 1206 ·
1956 1196 1966 1205 ·
2014 1171 2153 1215 tenor
2201 1171 2274 1215 est
2319 1165 2430 1214 talis

501 1253 730 1303 Omnibus
765 1256 886 1304 hanc
922 1261 1103 1305 cartam
1138 1258 1308 1307 visuris
1345 1285 1356 1297 ·
1396 1286 1406 1297 ·
1446 1286 1455 1296 ·
1492 1258 1709 1306 dominus
1748 1256 1906 1304 David
1954 1256 2116 1303 Broun
2159 1253 2432 1318 capellanus

505 1370 514 1379 ·
555 1370 564 1378 ·
604 1370 614 1379 ·
652 1343 827 1391 Sciatis
852 1359 926 1391 me
963 1371 975 1382 -
1014 1372 1024 1382 ·
1065 1372 1075 1382 ·
1111 1346 1172 1393 ad
1196 1345 1383 1393 laudem
1407 1345 1603 1409 gloriam
1628 1349 1678 1393 et
1701 1345 1927 1393 honorem
1964 1343 2304 1407 omnipotentis
2337 1342 2434 1389 Dei

504 1430 656 1492 patris
691 1434 740 1478 et
774 1430 855 1478 filii
895 1435 943 1480 et
983 1433 1191 1496 Spiritus
1227 1433 1393 1482 Sancti
1428 1449 1485 1482 ac
1520 1432 1968 1497 complacentissimi
2004 1431 2208 1480 nominis
2241 1430 2275 1477 J
2279 1445 2361 1479 esu
2386 1434 2435 1477 et

502 1517 836 1580 gloriosissime
860 1499 1051 1583 virginis
1078 1521 1231 1569 Marie
1256 1522 1422 1570 matris
1446 1522 1548 1570 eius
1565 1520 1865 1584 omniumque
1883 1523 2154 1568 sanctorum
2178 1522 2228 1566 et
2251 1522 2438 1567 sancta-

507 1623 608 1653 rum
633 1623 941 1670 supernorum
969 1609 1141 1656 ciuium
1166 1625 1347 1657 necnon
1374 1626 1460 1673 pro
1483 1609 1660 1658 salubri
1684 1600 1814 1658 statu
1838 1607 2124 1657 serenissimi
2148 1611 2198 1655 et
2221 1606 2439 1655 illustris-

505 1696 611 1742 simi
635 1696 860 1759 principis
884 1697 1035 1745 nostri
1056 1698 1090 1743 J
1094 1697 1230 1745 acobi
1255 1697 1406 1760 quinti
1431 1697 1642 1746 moderni
1667 1697 1917 1745 Scotorum
1941 1696 2063 1758 regis
2097 1710 2441 1744 successorum-

507 1799 596 1845 que
644 1799 833 1831 suorum
879 1799 1061 1832 necnon
1109 1785 1354 1832 reuerendi
1402 1786 1450 1832 in
1499 1785 1657 1833 Cristo
1696 1784 1847 1848 patris
1899 1812 1908 1822 ·
1947 1811 1959 1823 ·
1997 1811 2007 1822 ·
2057 1783 2292 1832 Johannis
2330 1811 2340 1820 ·
2380 1811 2389 1820 ·
2430 1811 2439 1819 ·

512 1871 844 1920 Brechinensis
883 1872 1106 1935 Episcopi
1145 1873 1355 1920 moderni
1392 1889 1479 1936 pro
1516 1871 1672 1921 salute
1710 1872 1972 1920 animarum
2010 1871 2244 1934 quondam
2282 1872 2441 1918 Dauid

512 1961 673 2007 Broun
715 1963 764 2007 et
805 1959 1061 2008 Catherine
1111 1960 1321 2023 Ramsay
1366 1960 1517 2023 patris
1554 1965 1603 2008 et
1644 1960 1812 2008 matris
1851 1960 1945 2007 mei
1986 1959 2219 2022 quondam
2267 1960 2443 2008 domini

511 2046 717 2094 Walteri
759 2048 921 2094 Broun
962 2047 1072 2095 olim
1112 2048 1274 2096 vicarii
1311 2048 1597 2111 pensionarii
1632 2049 1690 2096 de
1726 2047 1894 2095 Edzell
1939 2048 2175 2111 quondam
2223 2047 2443 2110 Magistri

514 2134 743 2182 Willelmi
771 2134 1010 2183 Meldrum
1034 2136 1352 2184 archidiaconi
1378 2136 1730 2185 Dunkeldensis
1753 2135 2000 2199 saluteque
2024 2135 2180 2182 anime
2205 2150 2309 2182 mee
2335 2150 2446 2182 con-

511 2222 868 2285 sanguineorum
911 2239 1119 2271 meorum
1155 2240 1211 2272 ac
1244 2225 1449 2272 omnium
1474 2224 1679 2272 fidelium
1706 2225 2033 2287 defunctorum
2070 2252 2081 2261 ·
2119 2224 2185 2271 Et
2223 2224 2445 2287 precipue

512 2311 698 2358 illorum
723 2311 929 2359 omnium
954 2311 1122 2374 quibus
1146 2327 1378 2375 uncquam
1405 2313 1590 2361 debitor
1612 2312 1680 2360 fui
1704 2315 1753 2360 et
1776 2327 1922 2375 penes
1945 2324 2063 2374 quos
2096 2309 2364 2374 aliqualiter
2398 2311 2446 2358 in

517 2401 607 2448 hoc
631 2400 804 2447 mundo
841 2398 1017 2462 deliqui
1052 2403 1101 2447 et
1140 2401 1198 2448 de
1234 2416 1430 2463 quorum
1466 2400 1601 2448 bonis
1625 2399 2030 2463 qualitercumque
2052 2399 2195 2446 habui
2219 2403 2268 2447 et
2292 2415 2449 2447 emen-

520 2490 628 2536 dam
652 2489 930 2551 condignam
954 2505 1048 2536 non
1071 2489 1163 2536 feci
1201 2517 1211 2527 ·
1251 2517 1260 2526 ·
1301 2518 1310 2527 ·
1348 2489 1534 2538 dedisse
1572 2516 1583 2528 ο
1624 2517 1633 2527 ·
1673 2517 1682 2526 -
1719 2490 1768 2536 in
1792 2504 1957 2552 puram
1982 2474 2031 2536 et
2055 2475 2332 2552 perpetuam
2355 2488 2449 2536 ele-

519 2577 747 2625 mosinam
772 2577 878 2624 Deo
917 2604 926 2613 ·
966 2605 976 2614 ·
1017 2605 1026 2614 ·
1063 2577 1371 2640 omnibusque
1395 2577 1574 2626 sanctis
1597 2576 1882 2640 pauperibus
1918 2591 1976 2623 ac
2013 2591 2106 2623 uno
2130 2575 2375 2639 capellano
2399 2581 2448 2624 et

520 2666 617 2714 suis
640 2665 987 2714 successoribus
1010 2665 1299 2728 presbyteris
1323 2665 1486 2712 diuina
1510 2664 1859 2713 celebrantibus
1897 2691 1907 2701 ·
1946 2691 1956 2701 ·
1995 2691 2004 2701 ·
2041 2664 2102 2711 ad
2126 2662 2276 2711 altare
2301 2665 2450 2712 omni-

522 2770 599 2801 um
625 2757 892 2802 sanctorum
918 2753 966 2800 in
991 2752 1193 2801 ecclesia
1228 2752 1490 2801 cathedrali
1524 2752 1835 2801 Brechinensi
1873 2780 1883 2790 ·
1922 2780 1932 2790 ·
1971 2779 1982 2791 ·
2018 2752 2177 2800 omnia
2194 2755 2243 2799 et
2268 2752 2450 2814 singula

519 2845 794 2889 tenementa
811 2856 946 2888 acras
969 2845 1200 2888 terrarum
1219 2839 1468 2889 arabilium
1493 2845 1624 2890 ortos
1646 2856 1828 2889 annuos
1845 2840 2058 2889 redditus
2075 2840 2341 2903 subscripta
2363 2841 2447 2887 viz.

524 2946 665 2977 unum
684 2933 1007 2977 tenementum
1032 2944 1141 2977 cum
1165 2932 1272 2977 orto
1295 2929 1505 2977 eiusdem
1530 2933 1579 2978 et
1603 2929 1701 2978 suis
1723 2928 2024 2992 pertinentiis
2039 2928 2207 2990 jacens
2230 2944 2291 2976 ex
2315 2933 2451 2992 parte

523 3017 807 3066 occidentali
831 3017 1043 3065 ciuitatis
1067 3017 1402 3066 Brechinensis
1438 3017 1565 3065 inter
1597 3033 1810 3065 mansum
1834 3015 2046 3079 magistri
2068 3016 2102 3062 J
2105 3015 2242 3064 acobi
2266 3015 2453 3079 Scrym-

523 3122 668 3169 geour
703 3106 995 3168 precentoris
1033 3105 1367 3153 Brechinensis
1405 3105 1468 3153 ad
1504 3105 1734 3153 orientem
1771 3103 1821 3166 ly
1858 3102 2036 3166 college
2059 3104 2200 3166 wynd
2234 3105 2295 3152 ad
2329 3105 2452 3152 occi-

525 3196 714 3243 dentem
753 3198 802 3241 et
841 3195 1089 3257 quamdam
1129 3194 1312 3257 peciam
1349 3198 1475 3242 terre
1514 3209 1608 3242 non
1650 3192 1916 3240 edificatam
1955 3192 2153 3241 ecclesie
2190 3192 2450 3241 cathedrali

525 3282 832 3331 Brechinensi
872 3286 1168 3345 spectantem
1215 3282 1274 3329 ad
1321 3285 1534 3330 austrum
1576 3284 1625 3329 et
1667 3295 1960 3329 communem
2002 3281 2125 3329 viam
2173 3281 2348 3343 regiam
2390 3282 2449 3327 ad
