2950 3970
647 660 1114 718 REGISTRUM
1152 665 1689 722 EPISOOPATUS
1729 667 2312 722 BRECHINENSIS.
2395 665 2427 722 7

502 850 907 909 presentacionem
942 851 1016 898 vel
1050 852 1273 901 heredum
1311 871 1520 903 meorum
1555 856 1603 902 in
1638 857 1798 903 eadem
1837 856 1978 903 fuerit
2014 856 2255 903 institutus
2289 854 2429 901 habe-

501 936 572 984 bit
595 937 792 986 liberam
828 942 876 986 et
898 939 1165 1002 generalem
1189 942 1651 991 administracionem
1687 944 1744 990 de
1780 944 1995 992 omnibus
2018 944 2156 991 rebus
2179 942 2426 990 mobilibus

501 1030 550 1073 et
574 1026 891 1076 immobilibus
930 1045 1055 1076 nunc
1090 1034 1138 1078 et
1174 1031 1478 1094 imposterum
1512 1033 1574 1080 ad
1615 1032 1789 1080 dictam
1815 1033 2002 1079 domum
2036 1031 2357 1095 spectantibus
2380 1033 2428 1076 et

500 1115 541 1162 si
566 1116 691 1189 quod
716 1116 841 1164 absit
866 1132 953 1179 ego
976 1117 1052 1165 vel
1075 1118 1247 1182 aliquis
1281 1135 1342 1167 ex
1376 1120 1626 1168 heredibus
1647 1120 1765 1167 meis
1788 1123 1954 1167 contra
1976 1120 2098 1167 hanc
2122 1120 2426 1167 donacionem

501 1207 550 1250 et
573 1204 924 1279 concessionem
950 1222 1102 1254 meam
1139 1207 1186 1254 in
1221 1207 1379 1271 aliquo
1401 1224 1666 1275 nuncquam
1690 1207 1847 1255 venire
1882 1207 2297 1271 presumpserimus
2320 1204 2424 1274 volo

499 1295 549 1339 et
584 1279 793 1341 concedo
828 1295 953 1357 quod
990 1294 1146 1344 dictus
1180 1294 1397 1344 dominus
1433 1297 1679 1360 episcopus
1714 1296 2147 1344 contrauenientem
2185 1293 2425 1344 sentencia

500 1381 1009 1431 excommunicacionis
1056 1384 1204 1446 possit
1251 1384 1477 1432 innodare
1517 1388 1566 1432 et
1606 1389 1759 1432 terras
1803 1383 2121 1432 ecclesiastico
2167 1397 2424 1446 supponere

499 1469 755 1517 interdicto
800 1486 1044 1535 quousque
1090 1473 1151 1519 ad
1199 1472 1477 1535 condignam
1512 1473 1692 1520 venerit
1733 1472 2103 1521 satisfactionem
2151 1471 2219 1518 Ut
2266 1475 2423 1518 autem

497 1558 586 1605 hec
640 1574 748 1606 mea
793 1559 994 1608 donacio
1049 1564 1098 1608 et
1157 1561 1400 1610 concessio
1450 1561 1591 1609 robur
1650 1561 1862 1608 obtineat
1908 1564 2133 1623 perpetue
2189 1558 2425 1605 firmitatis

494 1663 689 1710 presens
711 1648 940 1711 scriptum
975 1649 1116 1712 sigilli
1152 1651 1245 1698 mei
1281 1650 1535 1698 munimine
1571 1649 1788 1697 roboraui
1822 1649 1914 1697 hiis
1946 1648 2148 1696 testibus
2170 1645 2422 1694 venerabili

493 1740 629 1798 patre
665 1737 855 1785 domino
891 1737 1068 1786 Albino
1104 1739 1327 1802 episcopo
1366 1738 1672 1786 Brechinensi
1708 1737 1894 1785 domino
1930 1737 2104 1784 Sabino
2140 1736 2326 1782 Abbate
2363 1734 2420 1780 (16

497 1825 823 1886 Abirbrothok
859 1827 1048 1875 domino
1085 1827 1329 1875 Willelmo
1363 1827 1518 1890 priore
1554 1827 1612 1874 de
1651 1827 1904 1874 Rostinoth
1953 1826 2139 1872 domino
2182 1824 2420 1873 Willelmo

496 1914 677 1962 decano
713 1915 771 1962 de
807 1915 1042 1963 Brechine
1081 1916 1270 1964 domino
1319 1915 1533 1964 Roberto
1568 1916 1625 1963 de
1664 1914 1931 1963 Montealto
1967 1914 2152 1962 domino
2200 1914 2234 1960 J
2238 1914 2418 1962 ohanne

497 2002 761 2051 Vischarde
788 2004 978 2052 domino
1005 2005 1252 2053 Willelmo
1278 2006 1335 2053 de
1361 2005 1545 2052 Arrade
1570 2004 1758 2051 domino
1784 2002 2045 2051 Laurencio
2068 2003 2126 2049 de
2152 2002 2418 2050 Montealto

496 2091 676 2139 Thoma
722 2097 907 2141 rectore
956 2093 1156 2142 ecclesie
1203 2095 1262 2142 de
1311 2094 1490 2141 Kinros
1535 2092 1710 2140 domini
1751 2107 1872 2154 pape
1919 2089 2161 2153 capellano
2201 2090 2422 2151 magistro

496 2180 708 2229 Ricardo
743 2183 802 2230 de
841 2183 1074 2246 Logywar
1121 2182 1430 2230 Brechinensi
1466 2181 1691 2229 canonico
1730 2179 1969 2226 Willelmo
2006 2177 2254 2226 Chaunteil
2292 2178 2422 2224 Dun-

492 2285 612 2318 cano
641 2271 804 2333 judice
839 2272 874 2318 J
878 2272 1062 2320 ohanne
1098 2271 1224 2319 Albo
1259 2272 1404 2319 Petro
1441 2271 1498 2318 de
1535 2270 1687 2317 Ferne
1728 2268 1931 2331 Symone
1955 2266 2125 2314 clerico
2160 2267 2219 2313 de
2254 2265 2420 2313 Forfar

495 2358 740 2409 Willelmo
764 2360 1114 2410 constabulario
1139 2362 1197 2408 de
1224 2359 1471 2407 Brechine.

493 2571 640 2619 Carta
664 2574 722 2620 de
744 2573 894 2622 libero
918 2573 1117 2621 introitu
1142 2576 1190 2620 et
1215 2572 1348 2620 exitu
1374 2569 1675 2631 Messyndew
1699 2569 1757 2614 de
1783 2566 2015 2613 Brechine
2043 2594 2052 2602 -

458 2768 461 2770 .
501 2694 773 2775 Omnibus
797 2720 975 2768 Christi
1010 2718 1226 2766 fidelibus
1260 2733 1452 2781 presens
1487 2715 1710 2778 scriptum
1746 2712 1912 2760 visuris
1946 2710 2019 2758 vel
2042 2710 2270 2774 audituris
2298 2710 2414 2778 Wil-

489 2797 676 2862 lielmus
693 2797 753 2859 (16
770 2810 1005 2858 Brechine
1024 2809 1226 2857 salutem
1242 2811 1452 2854 eternam
1478 2804 1525 2851 in
1544 2803 1731 2850 domino
1752 2800 1948 2847 Nouerit
1967 2799 2244 2846 universitas
2258 2803 2412 2869 vestra

491 2919 566 2950 me
603 2901 763 2949 diuine
787 2899 1005 2947 caritatis
1028 2899 1206 2946 intuitu
1231 2894 1415 2942 dedisse
1440 2891 1724 2940 concessisse
1748 2893 1797 2936 et
1819 2889 1908 2935 hac
1943 2891 2076 2934 carta
2109 2902 2214 2933 mea
2247 2887 2409 2934 confir-

489 3006 642 3040 masse
676 2990 784 3037 Deo
812 2992 862 3036 et
887 2989 1040 3036 Beate
1066 2985 1221 3034 Marie
1246 2987 1295 3031 et
1314 2981 1472 3030 domui
1492 2979 1584 3027 Dei
1610 2979 1667 3026 de
1694 2976 1923 3023 Brechine
1946 2975 2139 3021 liberum
2166 2974 2406 3021 introitum

490 3086 539 3129 et
585 3079 768 3128 exitum
805 3094 867 3125 ex
901 3080 1039 3141 parte
1074 3072 1271 3123 australi
1307 3071 1431 3118 illius
1467 3067 1662 3116 ecclesie
1700 3079 1858 3112 versus
1891 3062 2046 3111 villam
2084 3063 2142 3114 de
2178 3062 2407 3118 Brechine

490 3168 616 3218 Volo
652 3167 779 3231 quod
817 3166 973 3214 dictus
1010 3164 1235 3211 introitus
1272 3164 1320 3207 et
1362 3158 1519 3205 exitus
1555 3154 1795 3202 contineat
1832 3151 1879 3198 in
1919 3150 2167 3198 latitudine
2201 3149 2407 3211 spacium

487 3258 686 3322 triginta
708 3257 879 3321 pedum
915 3255 975 3301 In
999 3253 1133 3300 cuius
1161 3250 1227 3297 rei
1251 3244 1570 3296 testimonium
1607 3240 1813 3305 presenti
1836 3239 2012 3302 scripto
2034 3236 2231 3299 sigillum
2256 3253 2406 3283 meum

491 3346 667 3411 apponi
689 3345 782 3393 feci
808 3344 856 3391 in
883 3346 1041 3390 castro
1067 3341 1124 3387 de
1151 3336 1384 3386 Brechine
1409 3334 1483 3380 die
1508 3332 1640 3379 Lune
1663 3328 1877 3393 proxima
1899 3329 2005 3389 post
2026 3326 2195 3373 festum
2219 3328 2404 3387 aposto-
