<?xml version="1.0" encoding="UTF-8"?>
<!DOCTYPE html PUBLIC "-//W3C//DTD XHTML 1.0 Transitional//EN"
    "http://www.w3.org/TR/xhtml1/DTD/xhtml1-transitional.dtd">
<html xmlns="http://www.w3.org/1999/xhtml" xml:lang="en" lang="en">
 <head>
  <title>
</title>
<meta http-equiv="Content-Type" content="text/html;charset=utf-8" />
  <meta name='ocr-system' content='tesseract 3.04.00' />
  <meta name='ocr-capabilities' content='ocr_page ocr_carea ocr_par ocr_line ocrx_word'/>
</head>
<body>
  <div class='ocr_page' id='page_1' title='image "./registrumepiscop01brecuoft_0251.png"; bbox 0 0 2950 3970; ppageno 0'>
   <div class='ocr_carea' id='block_1_1' title="bbox 608 626 2428 706">
    <p class='ocr_par' dir='ltr' id='par_1_1' title="bbox 608 626 2428 706">
     <span class='ocr_line' id='line_1_1' title="bbox 608 626 2428 706; baseline 0.015 -27"><span class='ocrx_word' id='word_1_1' title='bbox 608 626 1075 683; x_wconf 80' lang='lat' dir='ltr'>REGISTRUM</span> <span class='ocrx_word' id='word_1_2' title='bbox 1113 629 1647 691; x_wconf 83' lang='lat' dir='ltr'>EPISCOPATUS</span> <span class='ocrx_word' id='word_1_3' title='bbox 1688 638 2273 704; x_wconf 86' lang='lat' dir='ltr'>BRECHINENSIS.</span> <span class='ocrx_word' id='word_1_4' title='bbox 2323 652 2428 706; x_wconf 85' lang='lat'>139</span> 
     </span>
    </p>
   </div>
   <div class='ocr_carea' id='block_1_2' title="bbox 495 814 2436 3357">
    <p class='ocr_par' dir='ltr' id='par_1_2' title="bbox 495 814 2436 2836">
     <span class='ocr_line' id='line_1_2' title="bbox 504 814 2428 896; baseline 0.011 -34"><span class='ocrx_word' id='word_1_5' title='bbox 504 814 705 864; x_wconf 77' lang='lat' dir='ltr'>fecimus</span> <span class='ocrx_word' id='word_1_6' title='bbox 728 815 882 865; x_wconf 88' lang='lat' dir='ltr'>dictas</span> <span class='ocrx_word' id='word_1_7' title='bbox 905 818 1066 881; x_wconf 89' lang='lat' dir='ltr'>copias</span> <span class='ocrx_word' id='word_1_8' title='bbox 1089 834 1173 882; x_wconf 89' lang='lat' dir='ltr'>per</span> <span class='ocrx_word' id='word_1_9' title='bbox 1197 821 1408 870; x_wconf 89' lang='lat' dir='ltr'>notarios</span> <span class='ocrx_word' id='word_1_10' title='bbox 1431 823 1719 888; x_wconf 87' lang='lat' dir='ltr'>subscriptos</span> <span class='ocrx_word' id='word_1_11' title='bbox 1741 828 1914 892; x_wconf 86' lang='lat' dir='ltr'>signari</span> <span class='ocrx_word' id='word_1_12' title='bbox 1939 836 1987 879; x_wconf 92' lang='lat' dir='ltr'>et</span> <span class='ocrx_word' id='word_1_13' title='bbox 2012 833 2163 896; x_wconf 84' lang='lat' dir='ltr'>sigillo</span> <span class='ocrx_word' id='word_1_14' title='bbox 2198 840 2356 884; x_wconf 87' lang='lat' dir='ltr'>nostro</span> <span class='ocrx_word' id='word_1_15' title='bbox 2379 842 2428 884; x_wconf 90' lang='lat' dir='ltr'>et</span> 
     </span>
     <span class='ocr_line' id='line_1_3' title="bbox 506 903 2427 987; baseline 0.01 -34"><span class='ocrx_word' id='word_1_16' title='bbox 506 903 673 966; x_wconf 84' lang='lat' dir='ltr'>sigillis</span> <span class='ocrx_word' id='word_1_17' title='bbox 697 906 1002 968; x_wconf 90' lang='lat' dir='ltr'>quorumdam</span> <span class='ocrx_word' id='word_1_18' title='bbox 1045 907 1125 970; x_wconf 92' lang='lat' dir='ltr'>qui</span> <span class='ocrx_word' id='word_1_19' title='bbox 1165 909 1290 958; x_wconf 89' lang='lat' dir='ltr'>dicte</span> <span class='ocrx_word' id='word_1_20' title='bbox 1329 910 1620 974; x_wconf 79' lang='lat' dir='ltr'>inquisitioni</span> <span class='ocrx_word' id='word_1_21' title='bbox 1658 915 1971 967; x_wconf 89' lang='lat' dir='ltr'>interfuerunt</span> <span class='ocrx_word' id='word_1_22' title='bbox 2007 924 2280 970; x_wconf 87' lang='lat' dir='ltr'>communiri</span> <span class='ocrx_word' id='word_1_23' title='bbox 2304 926 2427 987; x_wconf 89' lang='lat' dir='ltr'>apud</span> 
     </span>
     <span class='ocr_line' id='line_1_4' title="bbox 508 993 2427 1075; baseline 0.011 -35"><span class='ocrx_word' id='word_1_24' title='bbox 508 993 744 1041; x_wconf 87' lang='lat' dir='ltr'>Brechine</span> <span class='ocrx_word' id='word_1_25' title='bbox 770 994 991 1043; x_wconf 89' lang='lat' dir='ltr'>vicesima</span> <span class='ocrx_word' id='word_1_26' title='bbox 1007 995 1159 1058; x_wconf 90' lang='lat' dir='ltr'>prima</span> <span class='ocrx_word' id='word_1_27' title='bbox 1177 997 1253 1045; x_wconf 90' lang='lat' dir='ltr'>die</span> <span class='ocrx_word' id='word_1_28' title='bbox 1271 999 1445 1048; x_wconf 81' lang='lat' dir='ltr'>mensis</span> <span class='ocrx_word' id='word_1_29' title='bbox 1461 1001 1496 1047; x_wconf 84' lang='lat' dir='ltr'><strong>J</strong></span> <span class='ocrx_word' id='word_1_30' title='bbox 1501 1000 1582 1048; x_wconf 93' lang='lat' dir='ltr'>ulii</span> <span class='ocrx_word' id='word_1_31' title='bbox 1599 1018 1723 1052; x_wconf 86' lang='lat' dir='ltr'>anno</span> <span class='ocrx_word' id='word_1_32' title='bbox 1742 1003 1932 1055; x_wconf 90' lang='lat' dir='ltr'>Domini</span> <span class='ocrx_word' id='word_1_33' title='bbox 1946 1008 2193 1059; x_wconf 89' lang='lat' dir='ltr'>millesimo</span> <span class='ocrx_word' id='word_1_34' title='bbox 2209 1013 2427 1075; x_wconf 87' lang='lat' dir='ltr'>quadrin-</span> 
     </span>
     <span class='ocr_line' id='line_1_5' title="bbox 504 1083 2432 1161; baseline 0.009 -30"><span class='ocrx_word' id='word_1_35' title='bbox 504 1083 767 1144; x_wconf 87' lang='lat' dir='ltr'>gentesimo</span> <span class='ocrx_word' id='word_1_36' title='bbox 784 1083 1168 1147; x_wconf 87' lang='lat' dir='ltr'>quinquagesimo</span> <span class='ocrx_word' id='word_1_37' title='bbox 1186 1090 1235 1134; x_wconf 91' lang='lat' dir='ltr'>et</span> <span class='ocrx_word' id='word_1_38' title='bbox 1253 1102 1376 1136; x_wconf 87' lang='lat' dir='ltr'>anno</span> <span class='ocrx_word' id='word_1_39' title='bbox 1390 1096 1550 1138; x_wconf 87' lang='lat' dir='ltr'>mense</span> <span class='ocrx_word' id='word_1_40' title='bbox 1569 1095 1618 1139; x_wconf 92' lang='lat' dir='ltr'>et</span> <span class='ocrx_word' id='word_1_41' title='bbox 1633 1092 1709 1140; x_wconf 88' lang='lat' dir='ltr'>die</span> <span class='ocrx_word' id='word_1_42' title='bbox 1724 1094 1892 1156; x_wconf 91' lang='lat' dir='ltr'>quibus</span> <span class='ocrx_word' id='word_1_43' title='bbox 1907 1096 2035 1144; x_wconf 90' lang='lat' dir='ltr'>dicta</span> <span class='ocrx_word' id='word_1_44' title='bbox 2049 1098 2288 1161; x_wconf 78' lang='lat' dir='ltr'>inquisitio</span> <span class='ocrx_word' id='word_1_45' title='bbox 2303 1100 2432 1149; x_wconf 86' lang='lat' dir='ltr'>facta</span> 
     </span>
     <span class='ocr_line' id='line_1_6' title="bbox 504 1173 2426 1245; baseline 0.01 -27"><span class='ocrx_word' id='word_1_46' title='bbox 504 1175 579 1220; x_wconf 90' lang='lat' dir='ltr'>est</span> <span class='ocrx_word' id='word_1_47' title='bbox 604 1187 801 1234; x_wconf 89' lang='lat' dir='ltr'>quarum</span> <span class='ocrx_word' id='word_1_48' title='bbox 825 1176 1063 1220; x_wconf 87' lang='lat' dir='ltr'>cartarum</span> <span class='ocrx_word' id='word_1_49' title='bbox 1088 1177 1137 1222; x_wconf 83' lang='lat' dir='ltr'>et</span> <span class='ocrx_word' id='word_1_50' title='bbox 1161 1173 1405 1224; x_wconf 88' lang='lat' dir='ltr'>literarum</span> <span class='ocrx_word' id='word_1_51' title='bbox 1427 1181 1617 1228; x_wconf 89' lang='lat' dir='ltr'>tenores</span> <span class='ocrx_word' id='word_1_52' title='bbox 1651 1187 1910 1245; x_wconf 91' lang='lat' dir='ltr'>sequuntur</span> <span class='ocrx_word' id='word_1_53' title='bbox 1935 1185 2284 1235; x_wconf 73' lang='lat' dir='ltr'><strong>WILLELMUS</strong></span> <span class='ocrx_word' id='word_1_54' title='bbox 2318 1189 2426 1237; x_wconf 85' lang='lat' dir='ltr'>Rex</span> 
     </span>
     <span class='ocr_line' id='line_1_7' title="bbox 506 1260 2435 1325; baseline 0.009 -17"><span class='ocrx_word' id='word_1_55' title='bbox 506 1260 668 1308; x_wconf 88' lang='lat' dir='ltr'>Scotie</span> <span class='ocrx_word' id='word_1_56' title='bbox 693 1260 911 1309; x_wconf 89' lang='lat' dir='ltr'>omnibus</span> <span class='ocrx_word' id='word_1_57' title='bbox 934 1261 1094 1324; x_wconf 86' lang='lat' dir='ltr'>probis</span> <span class='ocrx_word' id='word_1_58' title='bbox 1117 1262 1383 1313; x_wconf 90' lang='lat' dir='ltr'>hominibus</span> <span class='ocrx_word' id='word_1_59' title='bbox 1405 1266 1554 1316; x_wconf 88' lang='lat' dir='ltr'>totius</span> <span class='ocrx_word' id='word_1_60' title='bbox 1589 1268 1749 1318; x_wconf 90' lang='lat' dir='ltr'>Scotie</span> <span class='ocrx_word' id='word_1_61' title='bbox 1784 1271 1986 1320; x_wconf 86' lang='lat' dir='ltr'>salutem</span> <span class='ocrx_word' id='word_1_62' title='bbox 2019 1274 2183 1323; x_wconf 88' lang='lat' dir='ltr'>sciatis</span> <span class='ocrx_word' id='word_1_63' title='bbox 2216 1292 2290 1323; x_wconf 93' lang='lat' dir='ltr'>me</span> <span class='ocrx_word' id='word_1_64' title='bbox 2326 1293 2435 1325; x_wconf 93' lang='lat' dir='ltr'>con-</span> 
     </span>
     <span class='ocr_line' id='line_1_8' title="bbox 504 1349 2433 1423; baseline 0.008 -26"><span class='ocrx_word' id='word_1_65' title='bbox 504 1349 703 1398; x_wconf 80' lang='lat' dir='ltr'>cessisse</span> <span class='ocrx_word' id='word_1_66' title='bbox 742 1354 791 1398; x_wconf 88' lang='lat' dir='ltr'>et</span> <span class='ocrx_word' id='word_1_67' title='bbox 829 1353 963 1397; x_wconf 88' lang='lat' dir='ltr'>carta</span> <span class='ocrx_word' id='word_1_68' title='bbox 997 1366 1103 1399; x_wconf 87' lang='lat' dir='ltr'>mea</span> <span class='ocrx_word' id='word_1_69' title='bbox 1137 1353 1434 1403; x_wconf 89' lang='lat' dir='ltr'>confirmasse</span> <span class='ocrx_word' id='word_1_70' title='bbox 1470 1355 1702 1420; x_wconf 91' lang='lat' dir='ltr'>episcopis</span> <span class='ocrx_word' id='word_1_71' title='bbox 1739 1362 1787 1406; x_wconf 89' lang='lat' dir='ltr'>et</span> <span class='ocrx_word' id='word_1_72' title='bbox 1823 1359 2009 1423; x_wconf 83' lang='lat' dir='ltr'>kyldeis</span> <span class='ocrx_word' id='word_1_73' title='bbox 2046 1362 2109 1409; x_wconf 85' lang='lat' dir='ltr'>de&#39;</span> <span class='ocrx_word' id='word_1_74' title='bbox 2141 1363 2339 1412; x_wconf 87' lang='lat' dir='ltr'>ecclesia</span> <span class='ocrx_word' id='word_1_75' title='bbox 2376 1366 2433 1412; x_wconf 89' lang='lat' dir='ltr'>de</span> 
     </span>
     <span class='ocr_line' id='line_1_9' title="bbox 506 1439 2435 1515; baseline 0.008 -30"><span class='ocrx_word' id='word_1_76' title='bbox 506 1439 740 1487; x_wconf 89' lang='lat' dir='ltr'>Brechine</span> <span class='ocrx_word' id='word_1_77' title='bbox 776 1439 1079 1487; x_wconf 85' lang='lat' dir='ltr'>donationem</span> <span class='ocrx_word' id='word_1_78' title='bbox 1114 1439 1241 1488; x_wconf 92' lang='lat' dir='ltr'>illam</span> <span class='ocrx_word' id='word_1_79' title='bbox 1278 1458 1417 1505; x_wconf 89' lang='lat' dir='ltr'>quam</span> <span class='ocrx_word' id='word_1_80' title='bbox 1453 1444 1583 1492; x_wconf 90' lang='lat' dir='ltr'>dedit</span> <span class='ocrx_word' id='word_1_81' title='bbox 1619 1445 1687 1494; x_wconf 91' lang='lat' dir='ltr'>eis</span> <span class='ocrx_word' id='word_1_82' title='bbox 1723 1447 1831 1494; x_wconf 87' lang='lat' dir='ltr'>Rex</span> <span class='ocrx_word' id='word_1_83' title='bbox 1867 1447 2025 1496; x_wconf 89' lang='lat' dir='ltr'>Dauid</span> <span class='ocrx_word' id='word_1_84' title='bbox 2059 1465 2176 1500; x_wconf 87' lang='lat' dir='ltr'>auus</span> <span class='ocrx_word' id='word_1_85' title='bbox 2198 1467 2329 1500; x_wconf 89' lang='lat' dir='ltr'>meus</span> <span class='ocrx_word' id='word_1_86' title='bbox 2351 1469 2435 1515; x_wconf 90' lang='lat' dir='ltr'>per</span> 
     </span>
     <span class='ocr_line' id='line_1_10' title="bbox 504 1528 2433 1600; baseline 0.007 -24"><span class='ocrx_word' id='word_1_87' title='bbox 504 1531 686 1577; x_wconf 86' lang='lat' dir='ltr'>cartam</span> <span class='ocrx_word' id='word_1_88' title='bbox 710 1543 843 1576; x_wconf 90' lang='lat' dir='ltr'>suam</span> <span class='ocrx_word' id='word_1_89' title='bbox 869 1529 926 1576; x_wconf 92' lang='lat' dir='ltr'>de</span> <span class='ocrx_word' id='word_1_90' title='bbox 950 1528 1052 1576; x_wconf 86' lang='lat' dir='ltr'>foro</span> <span class='ocrx_word' id='word_1_91' title='bbox 1077 1529 1420 1593; x_wconf 76' lang='lat' dir='ltr'>imperpetuum</span> <span class='ocrx_word' id='word_1_92' title='bbox 1443 1532 1662 1582; x_wconf 88' lang='lat' dir='ltr'>habituro</span> <span class='ocrx_word' id='word_1_93' title='bbox 1696 1535 1744 1582; x_wconf 92' lang='lat' dir='ltr'>in</span> <span class='ocrx_word' id='word_1_94' title='bbox 1779 1535 1890 1583; x_wconf 82' lang='lat' dir='ltr'>villa</span> <span class='ocrx_word' id='word_1_95' title='bbox 1923 1553 2008 1600; x_wconf 89' lang='lat' dir='ltr'>per</span> <span class='ocrx_word' id='word_1_96' title='bbox 2041 1538 2142 1586; x_wconf 89' lang='lat' dir='ltr'>dies</span> <span class='ocrx_word' id='word_1_97' title='bbox 2177 1540 2433 1590; x_wconf 89' lang='lat' dir='ltr'>dominicos</span> 
     </span>
     <span class='ocr_line' id='line_1_11' title="bbox 503 1617 2434 1681; baseline 0.005 -15"><span class='ocrx_word' id='word_1_98' title='bbox 503 1619 623 1666; x_wconf 91' lang='lat' dir='ltr'>adeo</span> <span class='ocrx_word' id='word_1_99' title='bbox 644 1617 791 1666; x_wconf 88' lang='lat' dir='ltr'>libere</span> <span class='ocrx_word' id='word_1_100' title='bbox 831 1618 955 1666; x_wconf 89' lang='lat' dir='ltr'>sicut</span> <span class='ocrx_word' id='word_1_101' title='bbox 989 1618 1237 1681; x_wconf 87' lang='lat' dir='ltr'>episcopus</span> <span class='ocrx_word' id='word_1_102' title='bbox 1269 1619 1608 1669; x_wconf 86' lang='lat' dir='ltr'>Sanctiandree</span> <span class='ocrx_word' id='word_1_103' title='bbox 1643 1622 1794 1670; x_wconf 85' lang='lat' dir='ltr'>forum</span> <span class='ocrx_word' id='word_1_104' title='bbox 1832 1624 1975 1672; x_wconf 90' lang='lat' dir='ltr'>habet</span> <span class='ocrx_word' id='word_1_105' title='bbox 2000 1625 2219 1675; x_wconf 88' lang='lat' dir='ltr'>Testibus</span> <span class='ocrx_word' id='word_1_106' title='bbox 2242 1628 2434 1676; x_wconf 88' lang='lat' dir='ltr'>Andrea</span> 
     </span>
     <span class='ocr_line' id='line_1_12' title="bbox 503 1706 2435 1775; baseline 0.004 -19"><span class='ocrx_word' id='word_1_107' title='bbox 503 1708 726 1772; x_wconf 90' lang='lat' dir='ltr'>episcopo</span> <span class='ocrx_word' id='word_1_108' title='bbox 778 1709 837 1755; x_wconf 89' lang='lat' dir='ltr'>de</span> <span class='ocrx_word' id='word_1_109' title='bbox 873 1707 1080 1756; x_wconf 89' lang='lat' dir='ltr'>Catenes</span> <span class='ocrx_word' id='word_1_110' title='bbox 1118 1707 1365 1756; x_wconf 90' lang='lat' dir='ltr'>Nicholaio</span> <span class='ocrx_word' id='word_1_111' title='bbox 1412 1710 1692 1759; x_wconf 83' lang='lat' dir='ltr'>cancellario</span> <span class='ocrx_word' id='word_1_112' title='bbox 1746 1712 1872 1775; x_wconf 89' lang='lat' dir='ltr'>apud</span> <span class='ocrx_word' id='word_1_113' title='bbox 1909 1713 2139 1761; x_wconf 92' lang='lat' dir='ltr'>Brechine</span> <span class='ocrx_word' id='word_1_114' title='bbox 2177 1706 2200 1752; x_wconf 43' lang='lat'>·&#39;</span> <span class='ocrx_word' id='word_1_115' title='bbox 2225 1716 2435 1764; x_wconf 79' lang='lat' dir='ltr'><strong>ROBER-</strong></span> 
     </span>
     <span class='ocr_line' id='line_1_13' title="bbox 504 1797 2435 1860; baseline 0.004 -16"><span class='ocrx_word' id='word_1_116' title='bbox 504 1811 606 1846; x_wconf 75' lang='lat' dir='ltr'>&#39;rus</span> <span class='ocrx_word' id='word_1_117' title='bbox 630 1797 728 1845; x_wconf 93' lang='lat' dir='ltr'>Dei</span> <span class='ocrx_word' id='word_1_118' title='bbox 758 1797 913 1860; x_wconf 86' lang='lat' dir='ltr'>gratia</span> <span class='ocrx_word' id='word_1_119' title='bbox 952 1813 1039 1844; x_wconf 85' lang='lat' dir='ltr'>rex</span> <span class='ocrx_word' id='word_1_120' title='bbox 1064 1797 1313 1844; x_wconf 84' lang='lat' dir='ltr'>Scotorum</span> <span class='ocrx_word' id='word_1_121' title='bbox 1349 1797 1701 1847; x_wconf 87' lang='lat' dir='ltr'>vicecomitibus</span> <span class='ocrx_word' id='word_1_122' title='bbox 1735 1803 1783 1847; x_wconf 94' lang='lat' dir='ltr'>et</span> <span class='ocrx_word' id='word_1_123' title='bbox 1817 1799 2005 1849; x_wconf 89' lang='lat' dir='ltr'>balliuis</span> <span class='ocrx_word' id='word_1_124' title='bbox 2041 1802 2137 1850; x_wconf 89' lang='lat' dir='ltr'>suis</span> <span class='ocrx_word' id='word_1_125' title='bbox 2177 1804 2234 1850; x_wconf 90' lang='lat' dir='ltr'>de</span> <span class='ocrx_word' id='word_1_126' title='bbox 2268 1804 2435 1852; x_wconf 87' lang='lat' dir='ltr'>Forfar</span> 
     </span>
     <span class='ocr_line' id='line_1_14' title="bbox 503 1885 2431 1949; baseline 0.001 -12"><span class='ocrx_word' id='word_1_127' title='bbox 503 1886 706 1937; x_wconf 84' lang='lat' dir='ltr'>salutem</span> <span class='ocrx_word' id='word_1_128' title='bbox 732 1886 897 1934; x_wconf 81' lang='lat' dir='ltr'>‚Vobis</span> <span class='ocrx_word' id='word_1_129' title='bbox 920 1901 1006 1949; x_wconf 90' lang='lat' dir='ltr'>per</span> <span class='ocrx_word' id='word_1_130' title='bbox 1027 1889 1274 1949; x_wconf 87' lang='lat' dir='ltr'>presentes</span> <span class='ocrx_word' id='word_1_131' title='bbox 1297 1886 1494 1934; x_wconf 89' lang='lat' dir='ltr'>firmiter</span> <span class='ocrx_word' id='word_1_132' title='bbox 1516 1885 1780 1936; x_wconf 87' lang='lat' dir='ltr'>inhibemus</span> <span class='ocrx_word' id='word_1_133' title='bbox 1801 1904 1860 1935; x_wconf 91' lang='lat' dir='ltr'>ne</span> <span class='ocrx_word' id='word_1_134' title='bbox 1883 1889 2033 1936; x_wconf 88' lang='lat' dir='ltr'>forum</span> <span class='ocrx_word' id='word_1_135' title='bbox 2054 1890 2110 1936; x_wconf 92' lang='lat' dir='ltr'>de</span> <span class='ocrx_word' id='word_1_136' title='bbox 2127 1890 2359 1938; x_wconf 90' lang='lat' dir='ltr'>Brechine</span> <span class='ocrx_word' id='word_1_137' title='bbox 2384 1892 2431 1938; x_wconf 92' lang='lat' dir='ltr'>in</span> 
     </span>
     <span class='ocr_line' id='line_1_15' title="bbox 503 1974 2436 2040; baseline 0.002 -17"><span class='ocrx_word' id='word_1_138' title='bbox 503 1976 638 2025; x_wconf 90' lang='lat' dir='ltr'>cuius</span> <span class='ocrx_word' id='word_1_139' title='bbox 657 1976 881 2024; x_wconf 90' lang='lat' dir='ltr'>libertate</span> <span class='ocrx_word' id='word_1_140' title='bbox 907 1979 955 2023; x_wconf 89' lang='lat' dir='ltr'>et</span> <span class='ocrx_word' id='word_1_141' title='bbox 980 1974 1277 2039; x_wconf 90' lang='lat' dir='ltr'>possessione</span> <span class='ocrx_word' id='word_1_142' title='bbox 1300 1974 1484 2022; x_wconf 90' lang='lat' dir='ltr'>diutina</span> <span class='ocrx_word' id='word_1_143' title='bbox 1507 1991 1630 2022; x_wconf 91' lang='lat' dir='ltr'>nunc</span> <span class='ocrx_word' id='word_1_144' title='bbox 1653 1979 1762 2024; x_wconf 89' lang='lat' dir='ltr'>sunt</span> <span class='ocrx_word' id='word_1_145' title='bbox 1786 1976 2032 2040; x_wconf 91' lang='lat' dir='ltr'>episcopus</span> <span class='ocrx_word' id='word_1_146' title='bbox 2055 1982 2104 2025; x_wconf 92' lang='lat' dir='ltr'>et</span> <span class='ocrx_word' id='word_1_147' title='bbox 2128 1980 2338 2026; x_wconf 89' lang='lat' dir='ltr'>canonici</span> <span class='ocrx_word' id='word_1_148' title='bbox 2362 1995 2436 2027; x_wconf 90' lang='lat' dir='ltr'>ec-</span> 
     </span>
     <span class='ocr_line' id='line_1_16' title="bbox 504 2063 2431 2127; baseline 0.001 -14"><span class='ocrx_word' id='word_1_149' title='bbox 504 2065 646 2114; x_wconf 89' lang='lat' dir='ltr'>clesie</span> <span class='ocrx_word' id='word_1_150' title='bbox 680 2064 1014 2112; x_wconf 88' lang='lat' dir='ltr'>Brechinensis</span> <span class='ocrx_word' id='word_1_151' title='bbox 1039 2068 1087 2111; x_wconf 91' lang='lat' dir='ltr'>et</span> <span class='ocrx_word' id='word_1_152' title='bbox 1111 2063 1183 2112; x_wconf 90' lang='lat' dir='ltr'>sui</span> <span class='ocrx_word' id='word_1_153' title='bbox 1206 2063 1395 2110; x_wconf 88' lang='lat' dir='ltr'>fuerunt</span> <span class='ocrx_word' id='word_1_154' title='bbox 1419 2064 1772 2126; x_wconf 87' lang='lat' dir='ltr'>predecessores</span> <span class='ocrx_word' id='word_1_155' title='bbox 1795 2080 1824 2112; x_wconf 88' lang='lat' dir='ltr'>a</span> <span class='ocrx_word' id='word_1_156' title='bbox 1845 2063 1984 2126; x_wconf 87' lang='lat' dir='ltr'>longo</span> <span class='ocrx_word' id='word_1_157' title='bbox 2024 2070 2163 2127; x_wconf 91' lang='lat' dir='ltr'>prout</span> <span class='ocrx_word' id='word_1_158' title='bbox 2205 2066 2431 2115; x_wconf 88' lang='lat' dir='ltr'>relatione</span> 
     </span>
     <span class='ocr_line' id='line_1_17' title="bbox 504 2151 2433 2217; baseline 0 -15"><span class='ocrx_word' id='word_1_159' title='bbox 504 2155 594 2202; x_wconf 92' lang='lat' dir='ltr'>fide</span> <span class='ocrx_word' id='word_1_160' title='bbox 624 2155 766 2217; x_wconf 86' lang='lat' dir='ltr'>digna</span> <span class='ocrx_word' id='word_1_161' title='bbox 790 2153 1091 2216; x_wconf 90' lang='lat' dir='ltr'>concepimus</span> <span class='ocrx_word' id='word_1_162' title='bbox 1115 2156 1198 2200; x_wconf 89' lang='lat' dir='ltr'>aut</span> <span class='ocrx_word' id='word_1_163' title='bbox 1222 2151 1406 2215; x_wconf 89' lang='lat' dir='ltr'>aliquas</span> <span class='ocrx_word' id='word_1_164' title='bbox 1439 2152 1736 2200; x_wconf 84' lang='lat' dir='ltr'>marcandias</span> <span class='ocrx_word' id='word_1_165' title='bbox 1770 2152 1941 2200; x_wconf 91' lang='lat' dir='ltr'>ibidem</span> <span class='ocrx_word' id='word_1_166' title='bbox 1968 2155 2256 2203; x_wconf 85' lang='lat' dir='ltr'>exercendas</span> <span class='ocrx_word' id='word_1_167' title='bbox 2279 2155 2327 2202; x_wconf 91' lang='lat' dir='ltr'>in</span> <span class='ocrx_word' id='word_1_168' title='bbox 2349 2155 2433 2202; x_wconf 89' lang='lat' dir='ltr'>ali-</span> 
     </span>
     <span class='ocr_line' id='line_1_18' title="bbox 504 2240 2433 2307; baseline 0 -16"><span class='ocrx_word' id='word_1_169' title='bbox 504 2259 597 2307; x_wconf 93' lang='lat' dir='ltr'>quo</span> <span class='ocrx_word' id='word_1_170' title='bbox 637 2242 847 2306; x_wconf 87' lang='lat' dir='ltr'>grauetis</span> <span class='ocrx_word' id='word_1_171' title='bbox 886 2241 1176 2305; x_wconf 89' lang='lat' dir='ltr'>perturbetis</span> <span class='ocrx_word' id='word_1_172' title='bbox 1199 2256 1285 2288; x_wconf 91' lang='lat' dir='ltr'>nec</span> <span class='ocrx_word' id='word_1_173' title='bbox 1310 2240 1578 2303; x_wconf 90' lang='lat' dir='ltr'>impediatis</span> <span class='ocrx_word' id='word_1_174' title='bbox 1600 2240 1740 2288; x_wconf 87' lang='lat' dir='ltr'>aliter</span> <span class='ocrx_word' id='word_1_175' title='bbox 1763 2256 1900 2304; x_wconf 89' lang='lat' dir='ltr'>quam</span> <span class='ocrx_word' id='word_1_176' title='bbox 1925 2241 1972 2288; x_wconf 90' lang='lat' dir='ltr'>in</span> <span class='ocrx_word' id='word_1_177' title='bbox 1995 2242 2146 2290; x_wconf 87' lang='lat' dir='ltr'>forma</span> <span class='ocrx_word' id='word_1_178' title='bbox 2178 2245 2433 2291; x_wconf 88' lang='lat' dir='ltr'>communis</span> 
     </span>
     <span class='ocr_line' id='line_1_19' title="bbox 495 2328 2432 2395; baseline -0.001 -15"><span class='ocrx_word' id='word_1_179' title='bbox 495 2332 685 2395; x_wconf 88' lang='lat' dir='ltr'>justitie</span> <span class='ocrx_word' id='word_1_180' title='bbox 726 2335 921 2394; x_wconf 85' lang='lat' dir='ltr'>propter</span> <span class='ocrx_word' id='word_1_181' title='bbox 957 2346 1274 2394; x_wconf 87' lang='lat' dir='ltr'>quascumque</span> <span class='ocrx_word' id='word_1_182' title='bbox 1307 2329 1471 2377; x_wconf 84' lang='lat' dir='ltr'>literas</span> <span class='ocrx_word' id='word_1_183' title='bbox 1507 2345 1536 2376; x_wconf 87' lang='lat' dir='ltr'>a</span> <span class='ocrx_word' id='word_1_184' title='bbox 1572 2328 1706 2376; x_wconf 91' lang='lat' dir='ltr'>nobis</span> <span class='ocrx_word' id='word_1_185' title='bbox 1727 2328 1924 2377; x_wconf 85' lang='lat' dir='ltr'>forsitan</span> <span class='ocrx_word' id='word_1_186' title='bbox 1959 2329 2232 2392; x_wconf 88' lang='lat' dir='ltr'>impetratas</span> <span class='ocrx_word' id='word_1_187' title='bbox 2266 2332 2432 2380; x_wconf 91' lang='lat' dir='ltr'>hucus-</span> 
     </span>
     <span class='ocr_line' id='line_1_20' title="bbox 504 2416 2429 2485; baseline -0.001 -17"><span class='ocrx_word' id='word_1_188' title='bbox 504 2437 594 2485; x_wconf 93' lang='lat' dir='ltr'>que</span> <span class='ocrx_word' id='word_1_189' title='bbox 618 2419 694 2468; x_wconf 85' lang='lat' dir='ltr'>vel</span> <span class='ocrx_word' id='word_1_190' title='bbox 717 2421 775 2468; x_wconf 94' lang='lat' dir='ltr'>de</span> <span class='ocrx_word' id='word_1_191' title='bbox 799 2423 960 2468; x_wconf 90' lang='lat' dir='ltr'>cetero</span> <span class='ocrx_word' id='word_1_192' title='bbox 983 2419 1305 2482; x_wconf 84' lang='lat' dir='ltr'>impetrandas</span> <span class='ocrx_word' id='word_1_193' title='bbox 1343 2417 1391 2464; x_wconf 91' lang='lat' dir='ltr'>in</span> <span class='ocrx_word' id='word_1_194' title='bbox 1427 2416 1737 2480; x_wconf 88' lang='lat' dir='ltr'>preiudicium</span> <span class='ocrx_word' id='word_1_195' title='bbox 1773 2418 2025 2464; x_wconf 88' lang='lat' dir='ltr'>eorundem</span> <span class='ocrx_word' id='word_1_196' title='bbox 2064 2446 2074 2455; x_wconf 88' lang='lat'><strong>·</strong></span> <span class='ocrx_word' id='word_1_197' title='bbox 2113 2419 2171 2464; x_wconf 94' lang='lat' dir='ltr'>In</span> <span class='ocrx_word' id='word_1_198' title='bbox 2208 2419 2339 2468; x_wconf 91' lang='lat' dir='ltr'>cuius</span> <span class='ocrx_word' id='word_1_199' title='bbox 2363 2422 2429 2468; x_wconf 90' lang='lat' dir='ltr'>rei</span> 
     </span>
     <span class='ocr_line' id='line_1_21' title="bbox 502 2505 2431 2570; baseline -0.002 -12"><span class='ocrx_word' id='word_1_200' title='bbox 502 2509 827 2559; x_wconf 91' lang='lat' dir='ltr'>testimonium</span> <span class='ocrx_word' id='word_1_201' title='bbox 861 2509 948 2557; x_wconf 92' lang='lat' dir='ltr'>has</span> <span class='ocrx_word' id='word_1_202' title='bbox 983 2507 1148 2555; x_wconf 84' lang='lat' dir='ltr'>literas</span> <span class='ocrx_word' id='word_1_203' title='bbox 1180 2510 1367 2554; x_wconf 87' lang='lat' dir='ltr'>nostras</span> <span class='ocrx_word' id='word_1_204' title='bbox 1404 2505 1533 2554; x_wconf 91' lang='lat' dir='ltr'>vobis</span> <span class='ocrx_word' id='word_1_205' title='bbox 1567 2505 1881 2554; x_wconf 84' lang='lat' dir='ltr'>ostendendas</span> <span class='ocrx_word' id='word_1_206' title='bbox 1913 2521 2057 2568; x_wconf 91' lang='lat' dir='ltr'>penes</span> <span class='ocrx_word' id='word_1_207' title='bbox 2091 2506 2218 2568; x_wconf 89' lang='lat' dir='ltr'>ipsos</span> <span class='ocrx_word' id='word_1_208' title='bbox 2253 2507 2431 2570; x_wconf 90' lang='lat' dir='ltr'>episco-</span> 
     </span>
     <span class='ocr_line' id='line_1_22' title="bbox 503 2593 2428 2663; baseline -0.003 -15"><span class='ocrx_word' id='word_1_209' title='bbox 503 2616 615 2663; x_wconf 92' lang='lat' dir='ltr'>pum</span> <span class='ocrx_word' id='word_1_210' title='bbox 634 2602 683 2647; x_wconf 88' lang='lat' dir='ltr'>et</span> <span class='ocrx_word' id='word_1_211' title='bbox 702 2597 954 2646; x_wconf 90' lang='lat' dir='ltr'>canonicos</span> <span class='ocrx_word' id='word_1_212' title='bbox 972 2610 1268 2644; x_wconf 88' lang='lat' dir='ltr'>remansuras</span> <span class='ocrx_word' id='word_1_213' title='bbox 1291 2593 1380 2642; x_wconf 89' lang='lat' dir='ltr'>sibi</span> <span class='ocrx_word' id='word_1_214' title='bbox 1403 2593 1503 2641; x_wconf 88' lang='lat' dir='ltr'>fieri</span> <span class='ocrx_word' id='word_1_215' title='bbox 1526 2593 1722 2641; x_wconf 88' lang='lat' dir='ltr'>fecimus</span> <span class='ocrx_word' id='word_1_216' title='bbox 1744 2596 1962 2656; x_wconf 88' lang='lat' dir='ltr'>patentes</span> <span class='ocrx_word' id='word_1_217' title='bbox 1984 2594 2108 2656; x_wconf 91' lang='lat' dir='ltr'>apud</span> <span class='ocrx_word' id='word_1_218' title='bbox 2133 2594 2428 2658; x_wconf 82' lang='lat' dir='ltr'>Striuelynge</span> 
     </span>
     <span class='ocr_line' id='line_1_23' title="bbox 503 2681 2430 2752; baseline -0.004 -15"><span class='ocrx_word' id='word_1_219' title='bbox 503 2688 706 2752; x_wconf 91' lang='lat' dir='ltr'>septimo</span> <span class='ocrx_word' id='word_1_220' title='bbox 730 2687 806 2734; x_wconf 91' lang='lat' dir='ltr'>die</span> <span class='ocrx_word' id='word_1_221' title='bbox 832 2685 1053 2734; x_wconf 91' lang='lat' dir='ltr'>Octobris</span> <span class='ocrx_word' id='word_1_222' title='bbox 1076 2699 1199 2732; x_wconf 88' lang='lat' dir='ltr'>anno</span> <span class='ocrx_word' id='word_1_223' title='bbox 1223 2683 1352 2745; x_wconf 87' lang='lat' dir='ltr'>regni</span> <span class='ocrx_word' id='word_1_224' title='bbox 1375 2681 1523 2730; x_wconf 87' lang='lat' dir='ltr'>nostri</span> <span class='ocrx_word' id='word_1_225' title='bbox 1547 2681 1751 2730; x_wconf 91' lang='lat' dir='ltr'>secundo</span> <span class='ocrx_word' id='word_1_226' title='bbox 1789 2708 1798 2718; x_wconf 93' lang='lat'><strong>·</strong></span> <span class='ocrx_word' id='word_1_227' title='bbox 1838 2681 2127 2727; x_wconf 84' lang='lat' dir='ltr'>ROBERTUS</span> <span class='ocrx_word' id='word_1_228' title='bbox 2163 2681 2256 2728; x_wconf 92' lang='lat' dir='ltr'>Dei</span> <span class='ocrx_word' id='word_1_229' title='bbox 2278 2683 2430 2744; x_wconf 85' lang='lat' dir='ltr'>gratia</span> 
     </span>
     <span class='ocr_line' id='line_1_24' title="bbox 504 2771 1563 2836; baseline -0.009 -11"><span class='ocrx_word' id='word_1_230' title='bbox 504 2794 590 2825; x_wconf 87' lang='lat' dir='ltr'>rex</span> <span class='ocrx_word' id='word_1_231' title='bbox 617 2777 868 2825; x_wconf 89' lang='lat' dir='ltr'>Scotorum</span> <span class='ocrx_word' id='word_1_232' title='bbox 907 2803 916 2811; x_wconf 93' lang='lat'><strong>·</strong></span> <span class='ocrx_word' id='word_1_233' title='bbox 955 2801 965 2811; x_wconf 90' lang='lat'><strong>·</strong></span> <span class='ocrx_word' id='word_1_234' title='bbox 1005 2801 1015 2811; x_wconf 91' lang='lat'><strong>·</strong></span> <span class='ocrx_word' id='word_1_235' title='bbox 1055 2771 1186 2834; x_wconf 87' lang='lat' dir='ltr'>[vide</span> <span class='ocrx_word' id='word_1_236' title='bbox 1212 2771 1299 2819; x_wconf 87' lang='lat' dir='ltr'>No.</span> <span class='ocrx_word' id='word_1_237' title='bbox 1325 2771 1414 2836; x_wconf 82' lang='lat'>38]</span> <span class='ocrx_word' id='word_1_238' title='bbox 1456 2798 1466 2808; x_wconf 88' lang='lat'><strong>·</strong></span> <span class='ocrx_word' id='word_1_239' title='bbox 1506 2798 1514 2807; x_wconf 91' lang='lat'><strong>·</strong></span> <span class='ocrx_word' id='word_1_240' title='bbox 1555 2797 1563 2806; x_wconf 91' lang='lat'><em>-</em></span> 
     </span>
    </p>

    <p class='ocr_par' dir='ltr' id='par_1_3' title="bbox 504 2855 2429 3357">
     <span class='ocr_line' id='line_1_25' title="bbox 573 2855 2426 2924; baseline -0.004 -11"><span class='ocrx_word' id='word_1_241' title='bbox 573 2867 868 2913; x_wconf 80' lang='lat' dir='ltr'>RoBERTUs</span> <span class='ocrx_word' id='word_1_242' title='bbox 878 2862 971 2910; x_wconf 92' lang='lat' dir='ltr'>Dei</span> <span class='ocrx_word' id='word_1_243' title='bbox 985 2861 1139 2924; x_wconf 85' lang='lat' dir='ltr'>gratia</span> <span class='ocrx_word' id='word_1_244' title='bbox 1154 2876 1240 2908; x_wconf 87' lang='lat' dir='ltr'>rex</span> <span class='ocrx_word' id='word_1_245' title='bbox 1260 2859 1506 2906; x_wconf 86' lang='lat' dir='ltr'>Scotorum</span> <span class='ocrx_word' id='word_1_246' title='bbox 1520 2856 1797 2919; x_wconf 84' lang='lat' dir='ltr'>justiciariis</span> <span class='ocrx_word' id='word_1_247' title='bbox 1814 2855 2165 2904; x_wconf 84' lang='lat' dir='ltr'>vicecomitibus</span> <span class='ocrx_word' id='word_1_248' title='bbox 2184 2856 2426 2920; x_wconf 86' lang='lat' dir='ltr'>burgorum</span> 
     </span>
     <span class='ocr_line' id='line_1_26' title="bbox 505 2943 2429 3018; baseline -0.004 -16"><span class='ocrx_word' id='word_1_249' title='bbox 505 2952 758 3018; x_wconf 86' lang='lat' dir='ltr'>prepositis</span> <span class='ocrx_word' id='word_1_250' title='bbox 776 2955 825 3000; x_wconf 91' lang='lat' dir='ltr'>et</span> <span class='ocrx_word' id='word_1_251' title='bbox 844 2967 1005 2999; x_wconf 90' lang='lat' dir='ltr'>eorum</span> <span class='ocrx_word' id='word_1_252' title='bbox 1023 2948 1212 2998; x_wconf 90' lang='lat' dir='ltr'>balliuis</span> <span class='ocrx_word' id='word_1_253' title='bbox 1227 2947 1489 3010; x_wconf 89' lang='lat' dir='ltr'>ceterisque</span> <span class='ocrx_word' id='word_1_254' title='bbox 1507 2944 1733 2993; x_wconf 88' lang='lat' dir='ltr'>ministris</span> <span class='ocrx_word' id='word_1_255' title='bbox 1751 2948 1800 2992; x_wconf 92' lang='lat' dir='ltr'>et</span> <span class='ocrx_word' id='word_1_256' title='bbox 1817 2943 2030 2992; x_wconf 89' lang='lat' dir='ltr'>fidelibus</span> <span class='ocrx_word' id='word_1_257' title='bbox 2048 2945 2221 2993; x_wconf 88' lang='lat' dir='ltr'>nostris</span> <span class='ocrx_word' id='word_1_258' title='bbox 2238 2947 2297 2993; x_wconf 90' lang='lat' dir='ltr'>ad</span> <span class='ocrx_word' id='word_1_259' title='bbox 2314 2963 2429 3009; x_wconf 87' lang='lat' dir='ltr'>quos</span> 
     </span>
     <span class='ocr_line' id='line_1_27' title="bbox 504 3031 2425 3106; baseline -0.004 -16"><span class='ocrx_word' id='word_1_260' title='bbox 504 3045 750 3106; x_wconf 89' lang='lat' dir='ltr'>presentes</span> <span class='ocrx_word' id='word_1_261' title='bbox 766 3040 904 3088; x_wconf 89' lang='lat' dir='ltr'>litere</span> <span class='ocrx_word' id='word_1_262' title='bbox 923 3042 1083 3087; x_wconf 91' lang='lat' dir='ltr'>nostre</span> <span class='ocrx_word' id='word_1_263' title='bbox 1100 3035 1401 3101; x_wconf 88' lang='lat' dir='ltr'>peruenerint</span> <span class='ocrx_word' id='word_1_264' title='bbox 1419 3033 1617 3082; x_wconf 84' lang='lat' dir='ltr'>salutem</span> <span class='ocrx_word' id='word_1_265' title='bbox 1656 3060 1666 3070; x_wconf 92' lang='lat'><strong>·</strong></span> <span class='ocrx_word' id='word_1_266' title='bbox 1694 3031 1919 3080; x_wconf 90' lang='lat' dir='ltr'>Nolentes</span> <span class='ocrx_word' id='word_1_267' title='bbox 1942 3032 2081 3079; x_wconf 88' lang='lat' dir='ltr'>sicuti</span> <span class='ocrx_word' id='word_1_268' title='bbox 2099 3048 2186 3080; x_wconf 91' lang='lat' dir='ltr'>nec</span> <span class='ocrx_word' id='word_1_269' title='bbox 2205 3034 2425 3082; x_wconf 90' lang='lat' dir='ltr'>debemus</span> 
     </span>
     <span class='ocr_line' id='line_1_28' title="bbox 506 3119 2427 3195; baseline -0.006 -16"><span class='ocrx_word' id='word_1_270' title='bbox 506 3131 631 3195; x_wconf 92' lang='lat' dir='ltr'>quod</span> <span class='ocrx_word' id='word_1_271' title='bbox 654 3133 781 3177; x_wconf 88' lang='lat' dir='ltr'>terre</span> <span class='ocrx_word' id='word_1_272' title='bbox 800 3127 998 3182; x_wconf 88' lang='lat' dir='ltr'>ecclesie</span> <span class='ocrx_word' id='word_1_273' title='bbox 1018 3123 1349 3173; x_wconf 89' lang='lat' dir='ltr'>Brechinensis</span> <span class='ocrx_word' id='word_1_274' title='bbox 1367 3137 1455 3186; x_wconf 92' lang='lat' dir='ltr'>que</span> <span class='ocrx_word' id='word_1_275' title='bbox 1475 3121 1693 3184; x_wconf 90' lang='lat' dir='ltr'>episcopo</span> <span class='ocrx_word' id='word_1_276' title='bbox 1711 3120 1889 3167; x_wconf 88' lang='lat' dir='ltr'>decano</span> <span class='ocrx_word' id='word_1_277' title='bbox 1913 3119 2151 3167; x_wconf 89' lang='lat' dir='ltr'>canonicis</span> <span class='ocrx_word' id='word_1_278' title='bbox 2173 3125 2255 3167; x_wconf 87' lang='lat' dir='ltr'>aut</span> <span class='ocrx_word' id='word_1_279' title='bbox 2274 3121 2427 3184; x_wconf 87' lang='lat' dir='ltr'>capel-</span> 
     </span>
     <span class='ocr_line' id='line_1_29' title="bbox 504 3207 2427 3270; baseline -0.005 -4"><span class='ocrx_word' id='word_1_280' title='bbox 504 3219 627 3266; x_wconf 88' lang='lat' dir='ltr'>lanis</span> <span class='ocrx_word' id='word_1_281' title='bbox 650 3217 860 3265; x_wconf 91' lang='lat' dir='ltr'>eiusdem</span> <span class='ocrx_word' id='word_1_282' title='bbox 886 3214 1083 3263; x_wconf 91' lang='lat' dir='ltr'>ecclesie</span> <span class='ocrx_word' id='word_1_283' title='bbox 1103 3211 1412 3261; x_wconf 90' lang='lat' dir='ltr'>communiter</span> <span class='ocrx_word' id='word_1_284' title='bbox 1428 3208 1502 3256; x_wconf 85' lang='lat' dir='ltr'>vel</span> <span class='ocrx_word' id='word_1_285' title='bbox 1527 3208 1710 3256; x_wconf 89' lang='lat' dir='ltr'>diuisim</span> <span class='ocrx_word' id='word_1_286' title='bbox 1730 3207 1778 3255; x_wconf 91' lang='lat' dir='ltr'>in</span> <span class='ocrx_word' id='word_1_287' title='bbox 1797 3223 1959 3270; x_wconf 88' lang='lat' dir='ltr'>puram</span> <span class='ocrx_word' id='word_1_288' title='bbox 1979 3211 2028 3254; x_wconf 91' lang='lat' dir='ltr'>et</span> <span class='ocrx_word' id='word_1_289' title='bbox 2046 3212 2319 3270; x_wconf 88' lang='lat' dir='ltr'>perpetuam</span> <span class='ocrx_word' id='word_1_290' title='bbox 2345 3209 2427 3256; x_wconf 90' lang='lat' dir='ltr'>eli-</span> 
     </span>
     <span class='ocr_line' id='line_1_30' title="bbox 506 3294 2428 3357; baseline -0.006 -2"><span class='ocrx_word' id='word_1_291' title='bbox 506 3306 735 3356; x_wconf 89' lang='lat' dir='ltr'>mosinam</span> <span class='ocrx_word' id='word_1_292' title='bbox 754 3307 863 3353; x_wconf 85' lang='lat' dir='ltr'>sunt</span> <span class='ocrx_word' id='word_1_293' title='bbox 883 3303 1054 3351; x_wconf 89' lang='lat' dir='ltr'>collate</span> <span class='ocrx_word' id='word_1_294' title='bbox 1072 3318 1102 3349; x_wconf 88' lang='lat' dir='ltr'>a</span> <span class='ocrx_word' id='word_1_295' title='bbox 1117 3299 1314 3348; x_wconf 90' lang='lat' dir='ltr'>diuersis</span> <span class='ocrx_word' id='word_1_296' title='bbox 1330 3296 1655 3344; x_wconf 84' lang='lat' dir='ltr'>fundatoribus</span> <span class='ocrx_word' id='word_1_297' title='bbox 1674 3299 1722 3342; x_wconf 92' lang='lat' dir='ltr'>et</span> <span class='ocrx_word' id='word_1_298' title='bbox 1740 3294 2109 3342; x_wconf 84' lang='lat' dir='ltr'>infeodatoribus</span> <span class='ocrx_word' id='word_1_299' title='bbox 2128 3295 2224 3343; x_wconf 89' lang='lat' dir='ltr'>suis</span> <span class='ocrx_word' id='word_1_300' title='bbox 2241 3296 2428 3357; x_wconf 85' lang='lat' dir='ltr'>quibus-</span> 
     </span>
    </p>
   </div>
  </div>
 </body>
</html>
