2950 3970
637 614 2328 704 .nEersTRUM<'.EP1seoPATUSBREo-HINENSIS.
2367 632 2488 699 1207

547 803 733 852 diuerss
783 806 1018 861 euidentis
1051 808 1166 854 and
1209 809 1360 866 writis
1406 812 1624 873 producit
1670 813 1728 861 be
1775 831 1834 878 ye
1857 850 1860 854 A
1881 814 1983 864 said
2030 817 2222 879 bischop
2261 819 2321 865 -of
2365 819 2478 865 Bre-

547 891 684 939 chine
733 909 793 955 ye
815 909 818 912 ⁴
843 893 1053 956 quhilkis
1073 895 1355 944 'rollis‘and
1389 896 1838 956 ‘euidentisbeand
1876 900 2138 952 'considerit
2165 905 2273 951 ‘and'
2313 904 2478 951 0111161-

546 981 737 1051 stanclin
759 986 823 1030 at·
837 982 1000 1045 lyntht
1020 999 1082 1046 ye
1104 985 1226 1032 said·
1246 985 1395 1034 lerdis
1427 984 1714 1036 οῖ’-00063116·
1735 1006 1829 1052 yay
1849 991 2020 1045 ,beand
2054 990 2205 1054 ryply'
2223 991 2377 1040 awisit
2395 1007 2474 1053 “ye

544 1067 698 1116 mater
717 1072 774 1119 at
798 1069 948 1118 lintht·
962 1070 1219 1120 commonit
1239 1074 1484 1122 counsales
1508 1073 2043 1126 ourSoueraneLordis
2062 1078 2274 1126 H-ieness
2287 1082 2339 1126 to
2363 1081 2472 1125 mak

544 1174 603 1220 ye
639 1158 741 1205 said
768 1150 1009 1206 ‘reuerend
1045 1158 1179 1208 fader
1206 1161 1270 1208 vbe
1306 1166 1504 1210 content
1537 1164 1630 1210 and
1666 1164 1844 1227 paitof
1871 1165 2306 1228 yesecund'teyn'd
2333 1167 2386 1212 of
2405 1167 2471 1228 ⁴ye

544 1251 646 1296 said
683 1251 779 1298 erle
804 1244 858 1299 of
874 1246 1070 1300 *Rothes
1106 1252 1260 1301 landis
1294 1254 1367 1301 for
1400 1271 1460 1317 ye
1492 1258 1594 1318 tym
1630 1255 1683 1303 of
1714 1266 1800 1318 yar
1834 1257 1998 1319 beyng⁴
2020 1251 2068 1302 in
2102 1256 2180 1304 his⁴
2209 1257 2375 1304 bandis
2412 1258 2469 1303 be

543 1355 682 1387 rason
706 1341 759 1387 of
787 1341 917 1388 ward
941 1342 1035 1388 and
1058 1341 1239 1389 thinkis
1261 1347 1345 1404 yat
1368 1358 1428 1404 ye
1453 1340 1583 1391 r‘o‘llis
1618 1338 1856 1405 registoris
1879 1345 1970 1390 and
2006 1344 2240 1391 euidentis
2261 1344 2467 1391 schawin

547 1428 676 1474 befor
719 1444 829 1490 yam
875 1428 916 1476 is
961 1425 1194 1476 sufficient
1240 1434 1292 1477 to
1339 1430 1466 1492 pruff
1505 1430 1579 1477 for
1623 1447 1684 1492 ye
1730 1431 2026 1494 possessioun
2073 1432 2126 1478 of
2170 1447 2229 1493 ye
2276 1431 2383 1476 kirk
2423 1432 2475 1476 of

546 1515 781 1563 Brechine
805 1520 858 1563 to
881 1531 941 1579 ye
963 1518 1139 1565 secund
1177 1519 1322 1579 teynd
1349 1519 1402 1564 of
1429 1512 1488 1581 ye
1524 1519 1638 1566 said·
1661 1513 1799 1566 ward
1828 1512 2004 1566 Datum
2044 1523 2092 1566 et
2130 1522 2391 1566 extractum
2413 1520 2469 1564 de

543 1605 663 1651 libro
689 1609 902 1652 actorum
926 1621 1012 1668 per
1034 1621 1109 1652 me
1135 1605 1456 1653 Alexandrum
1483 1607 1603 1654 Scot
1621 1599 1841 1654 clericum
1866 1600 2072 1655 001161111-
2070 1607 2194 1668 regii
2233 1606 2317 1654 sub
2353 1606 2469 1652 meis

543 1693 675 1754 signo
693 1697 742 1740 et
759 1692 1104 1756 subscriptione
1123 1693 1453 1742 manualibus--
1453 1685 1802 1780 Quodquio'em
1821 1699 1976 1742 actum
1997 1696 2095 1742 siue
2115 1696 2388 1742 decretum

543 1781 830 1829 ratificamus
869 1809 879 1818 ·
918 1809 928 1818 ·
967 1781 1214 1828 ·Datum
1223 1782 1310 1829 sub
1332 1772 1605 1830 testimenio
1629 1782 1783 1844 magni
1800 1782 1946 1844 sigilli
1981 1782 2129 1830 nostri
2163 1783 2285 1844 apud
2323 1782 2466 1827 Edin-

542 1870 689 1932 burgh
715 1870 937 1918 vicesimo
961 1869 1113 1933 primo
1137 1870 1214 1917 die
1238 1862 1412 1919 mensis
1446 1863 1564 1932 Ju'lij
1599 1863 1722 1919 anno
1757 1870 1949 1918 Domini
1983 1870 2227 1918 millesimo
2253 1870 2465 1932 quadrin-

540 1958 802 2020 gentesimo
825 1957 1178 2021 septuagesimo·
1200 1958 1404 2022 septimo
1428 1962 1477 2007 et
1501 1952 1630 2022 regni
1654 1959 1802 2007 nostri
1828 1959 2009 2006 decimo
2033 1959 2232 2020 septimo
2271 1985 2280 1994 ·
2318 1957 2465 2011 Quas-

542 2047 730 2109 quidem
749 2040 914 2094 literas
932 2050 981 2094 et
1001 2039 1266 2095 eui'dentias
1285 2062 1390 2094 00111
1412 2047 1628 2095 omnibus
1647 2046 1903 2110 priuilegiis
1922 2050 1970 2094 et
1994 2045 2292 2092 libertatibus
2310 2043 2357 2090 in
2380 2044 2467 2090 eis-

542 2138 647 2183 dem
673 2135 910 2183 contentis
933 2135 981 2181 in
1006 2135 1221 2182 omnibus
1246 2135 1342 2183 suis
1365 2135 1554 2198 punctis
1590 2163 1599 2172 ·
1638 2162 1649 2172 ·
1688 2162 1698 2172 ·
1735 2134 2098 2197 quibuscumque
2116 2133 2266 2179 forma
2288 2131 2464 2194 pariter

541 2229 590 2271 et
616 2224 785 2271 effectu
810 2223 858 2269 in
882 2222 1098 2270 omnibus
1116 2227 1164 2270 et
1183 2238 1267 2285 per
1289 2222 1448 2270 omnia
1470 2222 1782 2285 approbamus
1800 2221 2085 2268 ratificamus
2104 2223 2152 2267 et
2170 2220 2229 2267 ob
2249 2234 2463 2266 reueren-

540 2313 657 2360 tiam
675 2311 862 2359 laudem
889 2315 938 2359 et
961 2312 1184 2359 honorem
1203 2310 1499 2359 sanctissime
1519 2309 1767 2356 Trinitatis
1785 2309 1832 2355 in
1857 2308 1988 2369 cujus
2006 2309 2180 2355 honore
2198 2305 2460 2353 huiusmodi

541 2399 831 2448 cathedralis
856 2399 1058 2448 ecclesia
1082 2399 1329 2446 dedicatur
1365 2402 1414 2445 et
1450 2413 1535 2460 pro
1573 2396 1797 2458 singulari
1833 2396 1991 2443 favore
2028 2411 2164 2458 quem
2189 2394 2391 2456 gerimus
2414 2396 2462 2438 et

541 2490 768 2539 habemus
785 2504 895 2551 erga
913 2489 1220 2535 reuerendum
1246 2487 1293 2533 in
1318 2486 1475 2534 Cristo
1494 2489 1676 2548 patrem
1694 2485 1728 2532 J
1733 2485 1960 2532 ohannem
1982 2483 2107 2530 dicte
2126 2481 2324 2529 ecclesie
2342 2480 2463 2541 epis-

540 2593 710 2640 copum
734 2577 1008 2624 modernum
1044 2592 1129 2638 pro
1166 2575 1301 2622 nobis
1325 2579 1373 2622 et
1397 2572 1744 2622 successoribus
1778 2571 1952 2618 nostris
1985 2585 2070 2632 pro
2103 2571 2330 2632 perpetuo
2355 2583 2462 2614 con-

542 2667 780 2713 firmamus
818 2692 828 2702 ·
865 2663 1022 2712 Saluis
1044 2663 1180 2711 nobis
1204 2667 1252 2710 et
1276 2661 1624 2710 successoribus
1647 2660 1820 2708 nostris
1842 2657 2014 2722 prefati
2048 2655 2291 2704 reuerendi
2315 2656 2463 2718 patris

542 2759 592 2801 et
617 2767 1151 2807 successorumsuorum
1176 2745 1439 2798 orationum
1463 2748 1694 2810 suffragiis
1717 2748 1993 2794 deuotarum
2019 2773 2029 2782 ·
2056 2745 2211 2799 Quare
2234 2743 2462 2790 uniuersis

544 2847 593 2890 et
616 2841 811 2904 singulis
839 2840 1119 2902 justiciariis
1154 2838 1424 2886 camerariis
1450 2835 1800 2884 vicecomitibus
1835 2827 2188 2881 coronatoribus
2222 2834 2270 2878 et
2305 2845 2463 2876 eorum

544 2929 786 2993 deputatis
807 2928 1063 2992 prepositis
1099 2931 1166 2979 et
1186 2925 1378 2975 balliuis
1415 2924 1684 2987 ceterisque
1715 2910 1958 2971 officiariis
1973 2919 2146 2970 nostris
2168 2915 2462 2982 presentibus

545 3023 594 3065 et
634 3018 806 3073 futuris
893 3044 903 3054 ·
942 3044 953 3054 -
988 3015 1266 3063 mandamus
1305 3017 1535 3076 quatenus
1581 3012 1708 3059 dicto
1750 3006 2006 3058 16061611ᾶο
2046 3008 2121 3055 in
2136 2997 2304 3055 Cristo
2337 3006 2460 3068 patri

542 3106 768 3154 Johanni
793 3105 1014 3168 episcopo
1053 3102 1360 3151 Brechinensi
1394 3101 1618 3148 moderno
1656 3104 1704 3146 et
1739 3090 2098 3147 successoribus
2122 3095 2218 3143 suis
2255 3094 2460 3142 eiusdem

545 3193 744 3241 ecclesie
781 3193 1015 3256 episcopis
1053 3195 1102 3239 et
1139 3184 1333 3254 prelatis
1367 3198 1620 3250 eorumque
1655 3168 2002 3234 successoribus
2038 3187 2088 3230 et
2124 3181 2381 3237 factoribus
2416 3181 2462 3226 in

543 3282 762 3330 omnibus
785 3286 834 3329 et
858 3279 1052 3343 singulis
1074 3280 1122 3326 111
1147 3277 1286 3326 dictis
1309 3269 1454 3325 cartis
1486 3275 1637 3323 literis
1671 3278 1719 3321 et
1753 3276 1862 3320 acto
1898 3270 2131 3319 contentis
2168 3269 2464 3328 ·5Et<secun-
