2950 3970
512 618 621 671 184
693 614 1157 670 REGISTRUM
1195 614 1733 672 EPISCOPATUS
1775 617 2366 673 BREOHINENSIS.

511 805 647 853 litere
672 822 757 870 per
780 821 960 852 marum
986 805 1214 868 quartarii
1240 804 1574 854 Brechinensis
1612 833 1622 843 ·
1659 806 1771 854 And
1809 807 1836 853 I
1876 806 2020 870 Dauy
2062 806 2293 870 Balbirny
2331 806 2451 854 mair

513 899 581 946 off
607 915 667 962 ye
705 903 899 963 quartat
935 898 1004 947 off
1046 898 1280 946 Brechine
1326 899 1412 947 hes
1448 898 1575 947 maid
1615 899 1930 948 executioune
1965 899 2079 948 eftir
2113 916 2174 963 ye
2211 904 2352 949 tenor
2388 900 2457 948 off

517 989 556 1035 it
578 992 629 1036 at
656 988 948 1036 Balnamone
981 1003 1042 1050 ye
1076 987 1170 1036 last
1194 988 1287 1050 day
1310 987 1407 1036 saif
1434 1003 1524 1036 ane
1559 988 1614 1037 of
1643 989 1924 1052 September
1947 988 2098 1036 befoir
2119 988 2194 1051 yir
2216 988 2453 1038 witnessis

420 1076 422 1078 ’
514 1077 546 1123 J
553 1078 673 1125 ohne
698 1077 751 1125 of
783 1076 1064 1126 Lowthiane
1089 1076 1181 1124 and
1207 1076 1345 1124 Schir
1366 1076 1400 1123 J
1404 1076 1526 1125 ohne
1550 1077 1605 1125 of
1635 1076 1916 1126 Lowthiane
1941 1075 2189 1140 chaiplane
2226 1105 2236 1114 -

465 1297 494 1324 ax
518 1278 664 1325 Carta
699 1277 733 1323 J
738 1278 936 1326 ohannis
983 1278 1141 1325 Smert
1187 1277 1306 1325 ciuis
1352 1277 1564 1327 ciuitatis
1611 1277 1946 1326 Brechinensis
1990 1293 2132 1341 super
2175 1277 2452 1326 fundatione

518 1366 655 1414 unius
679 1365 939 1429 capellanie
963 1366 1024 1413 ad
1048 1365 1200 1413 altare
1225 1366 1391 1413 Sancti
1417 1366 1698 1415 Christofori
1736 1394 1748 1404 ·

431 1522 495 1569 89
531 1490 803 1572 Omnibus
842 1524 964 1571 hanc
999 1527 1182 1571 cartam
1216 1523 1385 1571 visuris
1431 1522 1507 1571 vel
1555 1522 1803 1572 auditurus
1847 1522 2096 1571 Johannes
2132 1522 2290 1570 Smert
2338 1522 2457 1570 ciuis

521 1612 853 1660 Brechinensis
870 1611 1073 1660 salutem
1111 1640 1122 1650 ·
1161 1639 1172 1650 ·
1210 1638 1222 1650 ·
1258 1611 1434 1660 Sciatis
1451 1627 1527 1659 me
1546 1627 1653 1660 cum
1673 1627 1904 1660 consensu
1928 1615 1977 1660 et
2001 1627 2196 1660 assensu
2211 1611 2458 1659 reuerendi

520 1702 568 1749 in
604 1701 762 1750 Cristo
796 1700 948 1764 patris
984 1705 1034 1748 et
1073 1699 1248 1748 domini
1273 1699 1366 1748 mei
1391 1700 1583 1764 Georgii
1621 1728 1632 1738 ·
1670 1728 1682 1738 ·
1720 1728 1731 1738 ·
1769 1699 1996 1764 Episcopi
2032 1699 2367 1749 Brechinensis
2401 1715 2458 1748 ac

521 1789 804 1838 Cancellarii
829 1789 990 1837 Scotie
1016 1788 1200 1836 Decani
1225 1792 1274 1836 et
1300 1787 1509 1852 Capituli
1532 1788 1744 1837 eiusdem
1768 1789 1830 1836 ad
1852 1787 2042 1836 laudem
2066 1792 2115 1837 et
2138 1788 2336 1851 gloriam
2360 1805 2458 1837 om-

521 1878 782 1942 nipotentis
806 1878 901 1925 Dei
926 1877 1199 1926 beatissime
1226 1877 1381 1925 Marie
1407 1876 1618 1940 Virginis
1648 1892 1706 1924 ac
1737 1876 1868 1924 beati
1895 1876 2178 1926 Christofori
2201 1877 2410 1925 martiris
2448 1905 2457 1914 ·

521 1983 705 2015 necnon
723 1971 772 2014 et
791 1966 998 2014 omnium
1018 1965 1209 2014 celestis
1223 1965 1351 2013 curie
1368 1969 1639 2014 sanctorum
1657 1964 1805 2013 libere
1831 1964 2016 2013 dedisse
2054 1992 2065 2002 ·
2103 1993 2114 2003 ·
2154 1993 2164 2002 ·
2202 1965 2310 2013 Deo
2347 1994 2357 2003 ·
2397 1994 2406 2003 ·
2446 1994 2455 2003 ·

524 2059 603 2105 Ac
625 2056 706 2103 uni
730 2053 975 2119 capellano
998 2055 1060 2102 ad
1084 2053 1236 2102 altare
1259 2053 1413 2102 sancti
1439 2053 1720 2102 Christofori
1746 2053 1955 2102 martiris
1978 2053 2027 2101 in
2051 2053 2253 2102 ecclesia
2287 2054 2462 2102 Cathe-

523 2143 644 2191 drali
705 2142 1015 2191 Brechinensi
1073 2141 1238 2189 diuina
1291 2141 1550 2190 celebranti
1597 2145 1647 2189 et
1695 2141 1793 2190 suis
1844 2140 2194 2190 successoribus
2231 2169 2241 2180 ·
2280 2170 2290 2179 ·
2329 2169 2340 2180 ·
2375 2158 2461 2205 pro

522 2232 678 2281 salute
703 2232 859 2280 anime
884 2247 988 2279 mee
1015 2230 1161 2294 Regis
1186 2230 1436 2278 Scotorum
1461 2230 1494 2275 J
1499 2230 1635 2277 acobi
1661 2229 1816 2277 Marie
1842 2229 2001 2292 regine
2019 2229 2215 2277 Domini
2237 2230 2462 2294 Episcopi

523 2321 755 2369 antedicti
779 2335 836 2368 ac
863 2320 1136 2382 Margarete
1161 2318 1323 2367 uxoris
1359 2334 1461 2366 mee
1500 2322 1550 2366 et
1588 2318 1851 2365 animarum
1890 2318 2041 2381 patris
2077 2318 2171 2366 mei
2209 2322 2259 2367 et
2294 2319 2461 2368 matris

525 2427 628 2457 mee
675 2414 1027 2458 antecessorum
1086 2411 1137 2455 et
1193 2421 1517 2456 successorum
1576 2410 1847 2455 nostrorum
1901 2410 1951 2454 et
2005 2406 2214 2455 omnium
2275 2406 2461 2456 illorum

526 2499 694 2562 quibus
732 2497 908 2561 deliqui
945 2500 994 2544 et
1030 2497 1278 2544 emendam
1313 2495 1592 2558 condignam
1626 2511 1721 2543 non
1754 2494 1846 2543 feci
1895 2511 1953 2543 ac
2001 2496 2209 2543 omnium
2254 2497 2461 2546 fidelium

527 2588 856 2635 defunctorum
903 2586 951 2633 in
999 2601 1165 2649 puram
1202 2588 1251 2632 et
1286 2588 1567 2648 perpetuam
1614 2583 1907 2632 elimosinam
1953 2587 2107 2632 totum
2143 2588 2193 2633 et
2228 2585 2461 2649 integrum

525 2679 847 2723 tenementum
871 2690 1027 2722 meum
1051 2689 1158 2721 cum
1181 2672 1487 2736 pertinenciis
1514 2672 1682 2734 jacens
1704 2688 1766 2719 ex
1801 2675 1937 2735 parte
1961 2672 2180 2721 orientali
2204 2675 2464 2724 communis

527 2764 618 2811 vici
655 2763 763 2811 ville
802 2764 861 2810 de
900 2762 1135 2810 Brechine
1173 2762 1438 2810 extendens
1473 2776 1635 2809 versus
1673 2760 1974 2824 Drumgrane
2006 2761 2131 2809 inter
2164 2766 2339 2810 terram
2366 2763 2463 2811 Ro-

528 2852 652 2900 berti
678 2852 859 2900 Litstar
885 2867 946 2899 ex
970 2854 1108 2914 parte
1130 2849 1311 2899 boreali
1346 2867 1408 2898 ex
1443 2853 1579 2913 parte
1603 2865 1698 2897 una
1721 2852 1770 2897 et
1793 2853 1970 2897 terram
1997 2849 2204 2898 Walteri
2229 2851 2464 2900 Nicholaii

530 2958 591 2989 ex
619 2940 815 2988 australi
840 2956 901 2987 ex
925 2943 1060 3003 parte
1084 2938 1237 2987 altera
1274 2966 1284 2976 ·
1323 2939 1450 2986 Item
1473 2942 1627 2987 totum
1646 2942 1696 2986 et
1714 2938 1945 3001 integrum
1963 2941 2284 2987 tenementum
2310 2956 2465 2988 meum

532 3045 637 3077 cum
679 3027 983 3092 pertinenciis
1017 3028 1185 3090 jacens
1225 3043 1287 3074 ex
1324 3025 1608 3075 occidentali
1648 3030 1784 3090 parte
1827 3026 1943 3074 dicti
1987 3026 2077 3074 vici
2118 3027 2243 3075 inter
2287 3031 2464 3076 terram

533 3118 712 3164 Thome
739 3117 891 3164 Reide
915 3132 976 3164 ex
999 3119 1135 3179 parte
1159 3114 1338 3163 boreali
1359 3131 1421 3163 ex
1439 3130 1534 3162 una
1555 3118 1693 3178 parte
1731 3141 1742 3152 ·
1781 3114 1846 3162 Et
1870 3117 2046 3162 terram
2068 3115 2104 3162 J
2106 3115 2304 3164 ohannis
2329 3116 2466 3180 Lyell

533 3222 594 3253 ex
618 3210 755 3268 parte
793 3204 990 3252 australi
1026 3220 1089 3252 ex
1125 3208 1262 3267 parte
1286 3203 1439 3252 altera
1476 3231 1486 3241 ·
1524 3203 1591 3252 Et
1629 3203 1677 3250 in
1714 3203 1860 3266 burgo
1896 3203 1955 3250 de
1994 3202 2168 3251 Dunde
2201 3205 2464 3254 tresdecem

534 3294 710 3343 solidos
755 3297 804 3340 et
851 3296 1052 3356 quatuor
1098 3292 1316 3341 denarios
1355 3292 1498 3340 annui
1536 3291 1748 3340 redditu·
1788 3292 1848 3339 de
1891 3307 1982 3340 uno
2021 3295 2294 3342 tenemento
2341 3296 2465 3357 quod
