2950 3970
411 1293 472 1337 (32

486 666 594 719 116
625 631 629 634 ᾖ
668 666 1132 721 REGISTRUM
1170 664 1710 720 EPISCOPATUS
1751 663 2347 719 BRECHINENSIS.

503 944 892 1007 Transsumptum
917 947 1050 991 carte
1072 941 1307 990 Willelmi
1330 941 1476 1004 Regis
1495 942 1554 989 de
1572 941 1724 989 libero
1742 942 1847 989 foro
1873 942 2181 990 Brechinensi
2205 945 2254 989 et
2278 940 2436 1004 cogni-

501 1032 645 1081 tionis
667 1032 876 1080 eiusdem
911 1032 1088 1080 factum
1124 1032 1248 1094 apud
1287 1030 1521 1078 Brechine
1546 1045 1632 1094 per
1655 1030 1978 1078 Camerarium
2006 1029 2151 1092 Regis
2173 1033 2223 1078 et
2247 1045 2308 1077 ex
2333 1029 2435 1076 eius

500 1121 727 1169 mandato
752 1122 810 1168 de
833 1120 1056 1169 libertate
1082 1120 1196 1168 dicti
1222 1119 1311 1167 fori
1350 1148 1360 1157 ·

508 1266 793 1346 Uniuersis
811 1301 860 1345 et
878 1296 1073 1360 singulis
1091 1312 1285 1360 presens
1301 1295 1541 1360 publicum
1556 1296 1919 1344 instrumentum
1939 1297 2041 1344 siue
2058 1298 2431 1358 transsumptum

499 1387 780 1450 inspecturis
795 1387 829 1433 J
833 1386 1008 1434 acobus
1030 1385 1123 1432 Dei
1142 1390 1191 1434 et
1214 1385 1475 1449 apostolice
1500 1385 1626 1434 sedis
1648 1384 1803 1448 gratia
1826 1385 2074 1448 episcopus
2093 1383 2433 1432 Sanctiandree

498 1475 700 1523 salutem
738 1476 785 1523 in
822 1475 1030 1523 Domino
1055 1479 1103 1522 et
1127 1474 1425 1538 presentibus
1447 1474 1587 1522 fidem
1611 1473 1853 1521 indubiam
1877 1473 2103 1520 adhibere
2141 1500 2151 1510 ·
2190 1472 2434 1520 Noueritis

499 1566 623 1628 quod
658 1566 944 1613 reuerendus
967 1565 1016 1612 in
1041 1564 1198 1612 Cristo
1232 1567 1370 1627 pater
1391 1563 1426 1610 J
1430 1563 1640 1612 ohannes
1663 1563 1828 1610 eadem
1851 1562 2006 1624 gratia
2030 1561 2295 1624 Episcopus
2319 1561 2435 1608 Bre-

499 1654 734 1702 chinensis
758 1654 984 1717 quasdam
1008 1652 1174 1701 literas
1197 1652 1446 1701 libertates
1469 1656 1518 1700 et
1542 1651 1790 1715 priuilegia
1814 1667 1896 1700 sue
1916 1650 2115 1699 ecclesie
2134 1654 2384 1714 tangentes
2422 1678 2431 1686 -

499 1758 638 1790 unam
672 1741 893 1790 videlicet
929 1740 1315 1789 excellentissimi
1350 1745 1400 1788 et
1435 1740 1722 1788 serenissimi
1767 1740 1889 1787 bone
1937 1740 2160 1788 memorie
2206 1739 2432 1803 principis

505 1830 737 1878 Willelmi
762 1831 997 1893 quondam
1023 1829 1146 1892 regis
1169 1829 1330 1877 Scotie
1354 1844 1439 1876 suo
1461 1845 1631 1892 magno
1655 1828 1808 1891 sigillo
1842 1829 2078 1892 pendente
2113 1829 2382 1876 roboratam
2421 1857 2431 1865 ·

503 1919 658 1968 Aliam
707 1935 817 1966 vero
857 1917 1045 1966 literam
1087 1917 1331 1965 cuiusdam
1373 1916 1655 1979 cognitionis
1694 1917 1821 1964 facte
1863 1918 1986 1980 apud
2030 1917 2235 1964 Brechin
2272 1933 2429 1965 coram

502 2007 690 2055 domino
716 2006 935 2054 Waltero
974 2007 1032 2053 de
1072 2006 1231 2068 Bygar
1267 2008 1452 2053 rectore
1489 2006 1547 2052 de
1590 2005 1733 2053 Erole
1771 2006 2030 2053 camerario
2066 2006 2227 2054 Scotie
2256 2007 2430 2054 ibidem

502 2097 696 2144 sedente
732 2111 793 2142 ex
818 2094 1158 2142 deliberatione
1195 2093 1371 2141 domini
1409 2093 1560 2141 nostri
1597 2094 1718 2156 regis
1755 2098 1804 2142 et
1839 2095 1911 2143 sui
1947 2094 2131 2143 consilii
2153 2099 2207 2143 ut
2230 2095 2279 2142 in
2304 2095 2434 2143 dicta

502 2185 641 2233 litera
664 2183 944 2247 cognitionis
973 2182 1200 2231 asseritur
1223 2198 1328 2230 cum
1354 2183 1644 2246 quorundam
1670 2182 1835 2245 sigillis
1859 2182 1907 2230 in
1931 2183 2094 2231 caudis
2117 2184 2433 2247 pendentibus

503 2275 582 2337 qui
616 2274 742 2321 dicte
778 2272 1034 2335 cognitioni
1071 2271 1385 2319 interfuerunt
1427 2286 1586 2319 coram
1627 2271 1764 2319 nobis
1801 2272 2095 2334 presentauit
2129 2272 2345 2320 exhibuit
2383 2278 2430 2320 et

495 2362 786 2424 judicialiter
809 2360 1034 2424 produxit
1059 2363 1228 2423 petens
1251 2358 1493 2406 humiliter
1515 2375 1545 2406 a
1567 2358 1703 2408 nobis
1738 2362 1791 2407 ut
1825 2363 2019 2423 propter
2052 2375 2189 2408 casus
2211 2360 2434 2410 fortuitos

503 2450 767 2499 huiusmodi
815 2449 980 2497 literas
1029 2448 1283 2496 transsumi
1333 2451 1382 2495 et
1431 2447 1691 2511 exemplari
1751 2448 1976 2496 mandare
2031 2449 2327 2512 dignaremur
2371 2453 2431 2498 ad

502 2540 709 2587 futuram
734 2538 801 2586 rei
837 2537 1109 2585 memoriam
1133 2553 1195 2584 ex
1218 2536 1478 2584 autoritate
1502 2536 1637 2585 nobis
1660 2537 1707 2583 in
1733 2537 1822 2584 hac
1857 2541 1993 2600 parte
2017 2539 2267 2587 commissa
2305 2568 2314 2577 ·
2354 2540 2433 2588 Ita

503 2632 551 2676 et
574 2627 736 2676 taliter
759 2626 883 2690 quod
907 2625 997 2689 ipsi
1032 2628 1354 2688 transsumpto
1391 2625 1542 2688 possit
1578 2629 1627 2672 et
1668 2625 1839 2674 debeat
1864 2626 2035 2690 ubique
2059 2626 2268 2675 locorum
2293 2629 2433 2692 plena

503 2718 618 2764 fides
640 2715 853 2763 adhiberi
878 2715 1000 2763 sicut
1042 2714 1183 2762 dictis
1216 2713 1369 2762 literis
1404 2712 1708 2776 originalibus
1742 2713 1783 2762 si
1825 2715 1874 2761 in
1909 2715 2115 2762 medium
2151 2716 2200 2763 in
2224 2717 2430 2780 ipsarum

504 2805 717 2868 originali
739 2805 891 2853 forma
913 2804 1283 2867 producerentur
1321 2831 1331 2839 ·
1369 2801 1508 2849 Unde
1531 2817 1618 2850 nos
1650 2802 1685 2849 J
1687 2802 1864 2850 acobus
1891 2802 2139 2867 episcopus
2162 2805 2433 2854 antedictus

503 2893 766 2942 huiusmodi
811 2891 1035 2955 peticioni
1093 2895 1146 2939 ut
1197 2890 1355 2938 decuit
1412 2894 1675 2938 annuentes
1733 2890 1886 2938 dictas
1944 2890 2109 2940 literas
2171 2894 2431 2942 examinari

503 2982 700 3030 fecimus
736 3008 747 3018 ·
784 2980 850 3028 Et
875 2979 986 3043 quia
1009 2983 1116 3042 post
1141 2978 1413 3041 diligentem
1438 2978 1776 3041 inspectionem
1802 2982 1851 3026 et
1885 2979 2282 3037 examinationem
2297 2999 2432 3031 -com-

505 3070 711 3133 perimus
732 3068 999 3117 huiusmodi
1033 3066 1196 3116 literas
1229 3083 1323 3114 non
1360 3067 1554 3114 vitiatas
1588 3082 1681 3115 non
1719 3066 2007 3115 cancellatas
2041 3084 2128 3116 nec
2153 3069 2198 3115 in
2225 3070 2430 3133 ipsarum

505 3159 662 3222 aliqua
686 3161 821 3220 parte
858 3159 1103 3219 suspectas
1126 3156 1208 3203 sed
1234 3155 1424 3203 omnino
1458 3170 1649 3218 prorsus
1683 3154 1800 3203 vitio
1835 3158 1884 3203 et
1918 3155 2184 3219 suspicione
2213 3163 2433 3207 carentes

506 3247 692 3294 Idcirco
715 3261 802 3293 nos
823 3245 856 3291 J
861 3244 1036 3292 acobus
1060 3244 1307 3307 episcopus
1330 3242 1601 3291 antedictus
1623 3259 1709 3306 pro
1731 3242 1956 3290 tribunali
1979 3244 2200 3293 sedentes
2222 3247 2432 3308 prefatas

505 3337 668 3383 literas
690 3349 774 3396 per
797 3332 1031 3381 notarium
1055 3331 1369 3395 subscriptum
1392 3331 1648 3380 transsumi
1686 3359 1696 3368 ·
1724 3358 1734 3368 ·
1762 3358 1773 3369 ·
1802 3331 2028 3393 jussimus
2051 3333 2111 3380 ad
2130 3333 2335 3382 futuram
2362 3337 2430 3384 rei

508 3423 776 3471 memoriam
817 3449 826 3458 ·
865 3420 1039 3468 Citatis
1062 3420 1192 3482 prius
1217 3420 1434 3469 omnibus
1457 3423 1506 3467 et
1531 3418 1726 3482 singulis
1749 3435 1835 3468 sua
1859 3420 2087 3470 interesse
2111 3437 2254 3484 penes
2279 3424 2432 3472 dictas
