3034 3990
294 769 358 807 31.

288 897 349 933 32.

287 1087 349 1124 33.

288 1216 350 1252 34.

287 1344 349 1381 35.

288 1473 351 1509 36.

289 1601 352 1637 37.

289 1729 351 1766 38.

288 1920 350 1957 39.

288 2113 351 2149 40.

290 2242 353 2277 41.

290 2370 352 2405 42.

290 2561 352 2598 43.

291 2689 354 2725 44.

277 2878 353 2915 '45.

291 3007 354 3043 46.

294 3135 356 3170 47.

294 3388 357 3427 48.

1180 591 1646 649 TABULA.
2503 623 2537 657 v

415 767 663 818 Indulgentia
681 769 718 805 in
739 767 842 806 festo
864 766 1047 817 Corporis
1070 746 1214 808 Christi
1233 782 1416 809 concessa
1431 773 1606 811 omnibus
1627 775 1811 814 ecclesiis.
1867 774 1935 827 [26
1956 778 2048 829 Maij
2073 780 2185 819 1429.
2204 780 2256 818 so.
2276 782 2458 827 lxxxxiiii,
2478 781 2534 835 b.]

407 895 608 934 Possessio
627 897 710 933 siue
730 894 903 934 Donatio
921 895 948 934 J
952 895 1029 933 uris
1058 895 1289 935 patronatus
1317 899 1479 938 ecclesie
1498 901 1546 939 de
1569 901 1793 952 Cortoquhy
1814 903 1988 943 Ecclesie
2007 911 2046 944 et
2067 905 2246 956 Capitulo
2274 908 2531 947 Brechinensi.

473 956 544 1010 [20
569 960 660 998 Oct.
683 959 796 997 1429.
818 959 871 998 fo.
892 959 970 1005 xix,
990 957 1048 1011 b.]

410 1087 526 1125 Carta
544 1086 763 1126 donationis
782 1086 1040 1137 quadraginta
1057 1087 1239 1126 librarum
1258 1094 1443 1128 terrarum
1458 1091 1506 1130 de
1528 1092 1775 1144 Cortoqwhy.
1831 1093 1899 1146 [22
1923 1097 2014 1136 Oct.
2036 1099 2149 1137 1429.
2170 1099 2222 1137 fo.
2242 1098 2325 1151 xx.]

410 1215 525 1253 Carta
544 1214 592 1253 de
611 1215 726 1253 domo
748 1213 913 1265 Collegii
931 1215 980 1253 de
1000 1215 1203 1255 Brechine.
1262 1215 1329 1268 [31
1355 1218 1442 1257 Oct.
1466 1220 1580 1258 1429.
1601 1220 1653 1258 fo.
1674 1234 1764 1260 xxv.
1796 1222 1852 1275 b.]

410 1343 515 1381 Unio
534 1342 698 1381 ecclesie
716 1342 765 1380 de
787 1342 1014 1393 Cortoquhy
1034 1342 1210 1382 Ecclesie
1229 1350 1268 1382 et
1290 1345 1468 1395 Capitulo
1490 1319 1750 1387 Brechinensi.
1807 1349 1849 1401 [8
1872 1350 1974 1389 Nov.
1999 1353 2110 1390 1429.
2131 1353 2182 1390 fo.
2205 1352 2301 1404 xvi.]

411 1470 516 1509 Unio
535 1471 700 1509 ecclesie
718 1470 766 1508 de
789 1470 1027 1522 Cortoquhy.
1086 1470 1128 1524 [8
1150 1472 1252 1512 Nov.
1276 1475 1389 1512 1429.
1408 1474 1460 1512 fo.
1481 1475 1588 1521 xviii,
1609 1473 1666 1528 b.]
1723 1475 1840 1526 (Vide
1860 1490 1975 1526 supra
2000 1478 2074 1517 No.
2096 1478 2178 1530 35.)

410 1599 662 1638 Mortificatio
681 1611 807 1637 annue
827 1600 1023 1649 pensionis
1043 1606 1231 1639 terrarum
1251 1601 1299 1639 de
1321 1601 1560 1652 Cortoquhy.
1617 1599 1687 1653 [30
1709 1603 1810 1642 Nov.
1834 1606 1947 1644 1429.
1966 1605 2018 1643 fo.
2038 1606 2130 1653 xxii,
2150 1606 2206 1659 b.]

410 1727 734 1777 Transsumptum
770 1727 818 1765 de
847 1728 969 1766 tribus
998 1730 1114 1766 cartis
1151 1729 1428 1779 principalibus
1462 1729 1637 1768 Ecclesie
1667 1729 1965 1776 Brechinensis;
1995 1732 2045 1770 Et
2074 1733 2147 1770 alia
2178 1738 2434 1784 transsumpta
2463 1743 2534 1772 etc.

474 1788 543 1842 [16
567 1791 661 1828 Maii
683 1791 797 1829 1433.
818 1791 870 1829 fo.
894 1791 1039 1837 lxxxiii,
1063 1790 1120 1844 b.]

409 1920 713 1957 Instrumentum
746 1918 964 1957 donationis
996 1925 1210 1958 tassearum
1242 1925 1281 1958 et
1310 1921 1413 1970 ciphi
1449 1920 1627 1971 Capitulo
1662 1922 1912 1961 Brechinensi
1954 1935 2022 1973 per
2051 1923 2267 1963 Johannem
2303 1924 2533 1974 Episcopum

474 1982 789 2020 Brechinensem.
848 1979 918 2033 [14
938 1984 1062 2033 April.
1086 1985 1199 2022 1434.
1220 1984 1274 2022 fo.
1296 1983 1462 2036 lxxxvi.]

406 2112 713 2150 instrumentum
732 2110 952 2150 donationis
970 2112 1074 2162 ciphi
1096 2112 1274 2162 Capitulo
1296 2113 1562 2151 Brechinensi.
1619 2112 1688 2165 [14
1713 2115 1832 2164 April.
1856 2116 1967 2153 1434.
1988 2116 2040 2154 fo.
2063 2115 2185 2167 lxxx.]

409 2240 526 2277 Aliud
547 2240 848 2278 Instrumentum
868 2240 1088 2278 donationis
1108 2241 1210 2290 ciphi
1233 2240 1413 2291 Capitulo
1435 2241 1696 2280 Brechinensi.
1753 2241 1822 2293 [14
1852 2244 1976 2293 April.
1999 2244 2111 2281 1434.
2132 2244 2183 2281 so.
2205 2243 2394 2296 lxxxviii]

408 2368 711 2406 Instrumentum
740 2368 956 2406 collationis
985 2369 1088 2406 scole
1108 2374 1147 2406 et
1165 2369 1368 2407 scolarium
1395 2370 1444 2408 de
1475 2370 1616 2407 Dunde
1643 2369 1745 2408 facte
1775 2371 1962 2420 Magistro
1985 2370 2197 2408 Laurencio
2227 2370 2392 2408 Lownan
2423 2371 2533 2418 pleno

468 2432 558 2481 jure
576 2444 646 2481 per
663 2431 881 2470 Johannem
903 2431 1139 2482 Episcopum
1163 2433 1476 2472 Brechineusem.
1529 2430 1597 2484 [22
1619 2434 1722 2484 Aug.
1746 2435 1857 2471 1434.
1878 2433 1928 2471 fo.
1953 2446 2064 2478 cxxv,
2087 2432 2142 2485 b.]

408 2559 636 2610 Resignatio
654 2559 703 2598 de
723 2560 956 2609 Marytoune
974 2572 1043 2609 pei·
1066 2559 1302 2597 Willelmum
1325 2561 1560 2599 Fullartoun.
1618 2556 1686 2610 [24
1707 2560 1809 2608 Aug.
1834 2559 1944 2596 1434.
1966 2559 2018 2595 fo.
2041 2559 2169 2601 lxxxv,
2190 2558 2246 2609 b.]

411 2687 639 2726 Mandatum
671 2687 934 2737 inquisitionis
971 2700 1086 2737 super
1126 2689 1238 2737 pecia
1274 2694 1375 2726 terre
1405 2690 1560 2739 jacente
1593 2689 1630 2724 in
1664 2686 1921 2724 Monrwmont
1956 2685 2142 2723 directum
2177 2685 2462 2723 vicecomitibus
2495 2691 2532 2720 et

477 2751 628 2788 balliuis
648 2751 727 2788 suis
747 2751 794 2788 de
816 2750 966 2789 Forfar.
1024 2748 1093 2802 [12
1115 2751 1213 2789 Mar.
1237 2751 1396 2789 1434-5.
1415 2751 1466 2793 fo,
1488 2749 1558 2803 lx.]

413 2877 715 2917 Instrumentum
737 2879 881 2918 Statuti
904 2879 1072 2928 Capituli
1095 2878 1365 2916 Brechinensis
1384 2877 1432 2914 de
1451 2877 1645 2915 solucione
1664 2887 1733 2925 pro
1749 2875 1893 2923 cappis.
1942 2871 2010 2924 [12
2035 2875 2133 2924 Aug.
2160 2875 2271 2912 1435.
2287 2873 2338 2911 so.
2356 2872 2531 2924 lxxxxiii]

414 3004 520 3043 Unio
542 3005 699 3055 Capelle
717 3005 807 3043 diue
826 3005 951 3044 Marie
971 3005 1215 3055 Magdalene.
1272 3002 1341 3055 [12
1362 3005 1464 3054 Aug.
1487 3003 1599 3040 1435.
1620 3002 1672 3040 fo.
1694 3000 1788 3053 cix.]

411 3132 656 3172 Examinatio
683 3133 842 3172 testium
870 3145 985 3182 super
1013 3133 1129 3171 certis
1157 3131 1327 3170 articulis
1355 3143 1423 3180 pei·
1451 3129 1683 3179 Episcopum
1704 3128 2002 3166 Brechinensem
2021 3133 2059 3165 et
2079 3127 2279 3171 Decanum
2300 3127 2467 3177 ejusdem
2488 3127 2533 3163 ad

478 3203 705 3247 perpetuam
730 3198 786 3235 rei
804 3198 1027 3234 memoriam
1048 3209 1164 3245 super
1188 3207 1315 3232 annuo
1330 3193 1481 3232 redditu
1507 3192 1668 3230 ecclesie
1686 3191 1733 3230 de
1755 3191 1923 3229 Letlmot
1941 3203 2010 3239 pro
2030 3191 2142 3228 dictis
2162 3191 2343 3229 soluendo
2363 3190 2533 3228 Ecclesie

478 3261 527 3298 de
547 3260 750 3299 Brechine.
808 3258 879 3311 [10
902 3260 994 3299 Feb.
1018 3260 1176 3297 1435-6.
1193 3259 1246 3297 fo.
1267 3270 1357 3305 xxx,
1377 3255 1432 3309 b.]

415 3388 691 3438 Depositiones
710 3388 865 3428 testium
885 3388 933 3426 de
952 3399 1080 3425 annuo
1099 3386 1248 3424 redditu
1268 3385 1315 3423 de
1338 3384 1556 3422 Falconaris
1574 3381 1695 3419 landis
1714 3381 1761 3419 de
1778 3380 1998 3418 Moutroiss.
2054 3376 2124 3430 [15
2139 3386 2178 3417 et
2195 3381 2241 3416 16
2265 3379 2354 3417 Feb.
2380 3380 2532 3416 1435-6.

478 3453 531 3490 so.
550 3452 631 3504 lvij,
651 3454 710 3507 b.]
768 3453 874 3504 (The
894 3451 1058 3501 original
1076 3450 1149 3489 few
1172 3450 1314 3499 y'offis
1333 3449 1455 3486 heirin
1475 3447 1590 3497 given
1611 3447 1658 3484 be
1679 3445 1804 3494 Philip
1828 3444 1988 3493 Bisshop
2009 3445 2066 3482 off
2082 3442 2279 3493 Brechin.)
