3034 3990
1102 967 1666 1051 APPENDIX‚
1737 972 1786 1040 I.

581 1282 797 1327 GARTAE
822 1280 1191 1324 ORIGINALES
1213 1282 1282 1324 IN
1304 1282 1600 1325 ARGHIVIS
1633 1282 1939 1325 CIVITATIS
1970 1282 2419 1326 BRECHINENSIS

1246 1361 1634 1404 ASSERVATAE.
1875 1371 1879 1373 “

537 1538 568 1576 Ι.
626 1537 743 1576 Carta
763 1535 982 1586 Randulphi
1001 1535 1049 1573 de
1070 1534 1275 1585 St¹hethyn
1296 1547 1410 1585 super
1428 1540 1530 1573 terra
1547 1535 1595 1572 de
1614 1534 1859 1573 Bretulauch.
1916 1531 1968 1585 [c.
1990 1533 2123 1587 1222]

518 1668 569 1705 II.
628 1665 743 1704 Carta
762 1662 923 1703 Roberti
939 1662 1085 1711 Broyss
1105 1673 1219 1711 super
1237 1660 1451 1711 privilegiis
1466 1660 1649 1710 Episcopi
1663 1666 1702 1699 et
1723 1660 1889 1710 Capituli
1911 1661 2191 1700 Brechinensis.
2244 1659 2287 1712 [4
2307 1661 2402 1699 Dec.
2428 1662 2557 1714 1309.]

490 1794 563 1833 III.
622 1793 738 1831 Carta
767 1791 927 1829 Roberti
959 1788 1080 1838 Regis
1110 1787 1305 1825 Willelmo
1335 1787 1597 1825 Barbitonsori
1614 1787 1738 1826 tocius
1756 1791 1857 1826 terre
1877 1801 1951 1838 que
1970 1788 2044 1826 fuit
2064 1787 2148 1825 Ade
2167 1787 2213 1825 de
2234 1786 2437 1825 Hodholm.
2491 1786 2558 1838 [16

726 1855 831 1904 Sept.
854 1851 988 1905 1317.]
1045 1849 1099 1902 (A
1117 1852 1252 1900 copy.)

494 1987 563 2024 IV.
623 1984 740 2023 Carta
762 1981 920 2020 Roberti
941 1978 1062 2029 Regis
1080 1978 1128 2017 de
1147 1978 1268 2016 libero
1285 1975 1384 2013 foro.
1441 1973 1511 2026 [10
1530 1972 1558 2014 J
1562 1975 1612 2013 ul.
1635 1975 1768 2028 1321.]

514 2115 561 2152 V.
617 2113 734 2152 Carta
761 2109 945 2225 Episc3pi
974 2107 1144 2158 Philippi
1171 2117 1355 2145 concessa
1383 2104 1542 2143 Helisco
1570 2104 1770 2143 Fauconar
1797 2115 1911 2153 super·
1937 2103 2048 2142 terris
2065 2102 2104 2139 in
2125 2101 2312 2140 Monross.
2369 2098 2437 2150 [16
2458 2100 2553 2138 Mar.

724 2174 883 2213 1350-1.

491 2306 562 2345 VI.
620 2305 735 2343 Carta
752 2300 883 2339 David
911 2299 964 2337 11.
994 2298 1162 2336 Patricio
1191 2296 1384 2346 Episcopo
1414 2296 1662 2334 Brechinensi
1680 2295 1727 2333 de
1745 2295 1864 2333 libero
1893 2295 2048 2332 introitu
2069 2297 2108 2331 et
2126 2293 2230 2331 exitu
2258 2291 2354 2329 infra
2372 2303 2488 2340 aquas
2507 2290 2553 2326 de

722 2366 810 2414 Tay
829 2368 870 2402 et
886 2362 935 2400 de
955 2361 1052 2401 Suth
1072 2361 1165 2399 Esk.
1221 2356 1267 2410 [4
1287 2359 1410 2409 April.
1431 2357 1567 2411 1369.]

478 2497 568 2536 v11.
624 2496 740 2536 Carta
767 2490 952 2540 Stephani
983 2487 1167 2538 Episcopi
1196 2487 1466 2526 Brechinensis
1485 2490 1525 2525 et
1545 2484 1713 2535 Capituli
1738 2483 1907 2533 ejusdem
1928 2482 1975 2520 de
1999 2482 2191 2520 creatione
2219 2478 2385 2518 Lethnot
2403 2479 2441 2515 in
2462 2477 2552 2515 Pre-

719 2555 896 2595 bendam.
954 2551 1022 2604 [23
1044 2551 1136 2590 Feb.
1158 2549 1335 2603 1384-5.]

447 2687 559 2725 VIII.
613 2682 785 2723 Donatio
805 2679 1017 2729 capellano
1036 2679 1076 2715 in
1095 2677 1250 2716 Dunde.
1308 2675 1379 2728 [10
1398 2675 1496 2714 Dec.
1520 2673 1653 2726 1406.]

488 2814 558 2852 IX.
613 2810 784 2849 Donatio
805 2807 1014 2858 capellano
1033 2806 1080 2845 de
1102 2806 1309 2856 Kyrktoun
1330 2810 1369 2843 et
1390 2804 1572 2842 Haltoun.
1630 2799 1699 2851 [10
1721 2798 1816 2836 Dec.
1840 2794 1971 2847 1406.]

512 2940 560 2978 X.
618 2935 868 2977 Confirmatio
887 2932 1059 2972 eiusdem
1080 2930 1301 2980 Capellanie
1319 2929 1367 2967 de
1387 2928 1541 2966 Dunde.
1596 2923 1638 2976 [4
1661 2924 1752 2962 Feb.
1776 2919 1951 2972 1406-7.]

487 3067 556 3105 XI.
614 3059 863 3103 Confirmatio
891 3057 1107 3096 donationis
1134 3061 1320 3095 terrarum
1347 3055 1394 3093 de
1425 3052 1657 3101 Cortoqwhy
1686 3048 1825 3089 Comiti
1847 3047 2001 3086 Atholie
2020 3057 2180 3083 unacum
2209 3043 2457 3082 aduocatione
2484 3054 2545 3079 ee·

719 3126 848 3165 clesie.
905 3120 973 3174 [22
995 3123 1082 3171 Sep.
1104 3118 1235 3171 1409]

470 3256 560 3295 XII.
614 3254 731 3294 Carta
747 3251 796 3289 de
815 3248 1054 3300 Eglysjhone
1068 3245 1247 3284 confecta
1263 3255 1332 3293 per
1348 3241 1563 3280 Johannem
1578 3237 1732 3285 Erskyn
1750 3234 1919 3273 militem.
1967 3232 2280 3284 (Mortificatione
2299 3229 2372 3267 and
2390 3239 2543 3266 conces-

720 3318 828 3355 sione
847 3318 889 3352 to
915 3312 982 3351 the
1010 3310 1146 3359 bishop
1173 3308 1230 3346 off
1253 3305 1417 3345 Brechin
1437 3304 1493 3342 off
1514 3303 1580 3340 the
1607 3300 1714 3338 lands
1732 3298 1777 3337 of
1798 3297 1970 3349 Eglisjon
1989 3298 2049 3336 for
2075 3298 2172 3346 pay-⁸·
2198 3294 2242 3333 of
2267 3294 2314 3330 10
2326 3305 2356 3330 s.
2376 3291 2485 3341 yerly
2503 3296 2543 3326 to

715 3381 782 3420 the
801 3377 983 3428 chaplans
1001 3374 1075 3413 and
1094 3369 1329 3421 choristers.)
1386 3367 1429 3420 [9
1451 3366 1553 3406 Nov.
1577 3362 1710 3416 1409]
