2950 3970
575 647 683 703 130
749 646 1215 703 REGISTRUM
1254 646 1793 703 EPISCOPATUS
1833 644 2425 701 BRECHINENSIS.

577 836 792 899 predicta
825 840 874 884 et
909 836 1003 884 ista
1037 835 1242 899 quinque
1281 835 1510 883 beneficia
1548 839 1775 899 tanquam
1817 832 2217 898 incompassibilia
2256 849 2363 881 cum
2404 833 2512 882 aliis

575 925 817 974 beneficiis
831 928 1162 988 nuncupantur
1187 951 1198 962 ·
1225 923 1336 972 Alia
1358 928 1408 972 et
1433 923 1602 972 ultima
1619 921 1831 971 clausula
1853 922 2066 986 sequitur
2083 921 2132 970 in
2150 922 2316 970 eadem
2333 921 2474 970 litera
2500 950 2509 960 ·

582 1012 762 1060 Datum
786 1012 834 1060 in
858 1013 1023 1060 eodem
1049 1011 1257 1076 capitulo
1279 1016 1442 1061 nostro
1466 1012 1514 1059 in
1538 1011 1779 1075 presentia
1803 1010 2112 1060 discretorum
2137 1010 2340 1059 virorum
2366 1011 2513 1059 domi-

583 1118 748 1149 norum
775 1101 989 1165 Fergusii
1014 1102 1072 1150 de
1098 1100 1277 1150 Tulath
1300 1101 1595 1165 precentoris
1620 1100 1816 1149 Ricardi
1850 1101 1909 1148 de
1947 1099 2219 1148 Montealto
2242 1099 2512 1148 cancellarii

586 1190 772 1238 Mathei
815 1191 874 1237 de
899 1189 1252 1238 Abbirbrothoc
1284 1189 1567 1238 thesaurarii
1605 1188 1838 1253 Stephani
1879 1189 1937 1237 de
1963 1187 2170 1237 Cellario
2192 1189 2512 1238 archidiaconi

582 1277 814 1326 Willelmi
855 1279 914 1326 de
956 1277 1231 1341 Dalgarnok
1272 1278 1454 1325 vicariiv
1482 1277 1674 1326 Radulfi
1719 1277 1851 1325 Wild
1893 1277 2150 1326 subdecani
2186 1279 2222 1326 J
2225 1278 2423 1328 ohannis
2455 1280 2515 1327 de

580 1366 733 1414 Drum
772 1365 1072 1430 prebendarii
1113 1367 1171 1413 de
1198 1366 1436 1429 Buthirgil
1459 1370 1508 1415 et
1531 1366 1713 1416 Thome
1753 1367 1811 1414 de
1851 1366 2080 1416 Lathress
2120 1367 2420 1431 prebendarii
2456 1370 2515 1416 de

581 1455 754 1503 Guthri
793 1455 826 1501 J
832 1454 1031 1503 ohannis
1056 1453 1193 1502 Wild
1230 1457 1431 1503 rectoris
1463 1455 1522 1502 de
1547 1455 1665 1517 Logi
1698 1455 1733 1501 J
1737 1454 1936 1503 ohannis
1975 1455 2034 1503 de
2076 1455 2212 1503 Taok
2251 1456 2415 1505 vicarii
2457 1459 2515 1506 de
2598 1496 2601 1499 ᾗ

585 1543 798 1607 Moneky
832 1542 1096 1591 Alexandri
1130 1542 1241 1605 Dog
1276 1542 1440 1591 vicarii
1464 1544 1522 1590 de
1548 1542 1902 1606 Dunnychtyne
1943 1544 2275 1593 canonicorum
2316 1545 2515 1594 ecclesie

584 1632 797 1695 predicte
807 1632 1005 1681 Decano
1022 1630 1077 1678 in
1091 1631 1286 1680 remotis
1304 1635 1474 1694 agente
1484 1631 1792 1680 Pensionario
1810 1635 1859 1680 et
1879 1632 2199 1682 Prehendario
2217 1634 2276 1682 de
2286 1634 2516 1697 Kylmore

585 1719 880 1769 solummodo
903 1720 1180 1769 absentibus
1198 1720 1258 1768 ob
1277 1735 1468 1768 causam
1495 1747 1506 1758 ·
1531 1719 1625 1768 Die
1643 1720 1754 1768 lune
1777 1721 1826 1768 in
1845 1721 2053 1770 crastino
2072 1722 2247 1770 Sancte
2267 1723 2518 1772 Trinitatis

582 1826 709 1859 anno
741 1810 937 1859 Domini
978 1809 1226 1858 millesimo
1266 1809 1602 1858 trecentesimo
1626 1810 1973 1873 septuagesimo
1997 1811 2205 1859 secundo
2242 1837 2254 1850 ·
2291 1811 2517 1860 Preterea

583 1899 618 1945 J
623 1899 832 1948 ohannes
853 1899 1117 1963 Episcopus
1140 1900 1392 1947 modernus
1416 1899 1548 1947 dedit
1571 1902 1943 1962 transsumptum
1967 1914 2052 1947 suo
2067 1898 2339 1948 auctentico
2363 1900 2517 1964 sigillo

585 1987 842 2050 sigillatum
866 1989 1102 2051 pendente
1127 1988 1174 2035 in
1199 2003 1309 2035 cera
1332 1988 1478 2035 rubea
1501 1987 1607 2035 albe
1631 1987 1862 2051 impressa
1884 1987 2119 2051 signatum
2144 1988 2277 2051 signo
2301 1994 2350 2037 et
2374 2006 2515 2038 manu

586 2077 619 2121 J
623 2076 822 2124 ohannis
854 2075 991 2139 Steyl
1024 2075 1239 2124 canonici
1263 2076 1598 2138 Brechinensis
1621 2079 1669 2123 et
1693 2075 1867 2124 notarii
1890 2075 2067 2139 publici
2091 2102 2102 2113 ·
2130 2077 2207 2125 De
2231 2078 2361 2126 dicta
2377 2078 2517 2127 litera

585 2165 831 2212 reuerendi
867 2164 1018 2228 patris
1062 2164 1259 2212 Patricii
1301 2166 1537 2228 quondam
1575 2164 1785 2228 episcopi
1821 2164 2156 2214 Brechinensis
2195 2167 2322 2230 quod
2362 2171 2518 2216 trans-

586 2257 824 2318 sumptum
849 2253 1087 2302 tenuimus
1123 2258 1172 2301 et
1204 2252 1296 2315 legi
1323 2253 1523 2302 fecimus
1547 2254 1606 2301 de
1628 2253 1769 2315 longo
1793 2253 1855 2301 ad
1878 2252 2067 2317 longum
2103 2269 2261 2303 coram
2296 2255 2432 2305 nobis
2467 2261 2517 2305 et

585 2344 783 2392 notariis
805 2342 1083 2406 subscriptis
1105 2341 1291 2406 publice
1316 2342 1364 2389 in
1380 2342 1563 2404 judicio
1587 2343 1756 2390 deinde
1780 2341 1829 2390 in
1853 2343 2048 2392 statutis
2082 2344 2312 2392 ordinatis
2335 2349 2384 2393 et
2409 2361 2517 2393 con-

587 2432 730 2481 clusis
753 2447 838 2495 per
863 2431 1194 2478 Reuerendum
1221 2431 1413 2478 Patrem
1440 2430 1708 2478 Walterum
1733 2431 1959 2479 Forestar
1981 2432 2217 2495 quondam
2246 2433 2515 2498 episcopum

589 2519 955 2568 Brechinensem
979 2518 1145 2582 sigillis
1167 2519 1283 2568 dicti
1308 2519 1514 2582 episcopi
1539 2523 1588 2566 et
1612 2519 1847 2567 communi
1871 2518 2068 2583 capituli
2103 2520 2435 2572 Brechinensis
2469 2523 2517 2571 in

587 2625 696 2656 cera
730 2608 876 2656 rubea
898 2607 1007 2655 alba
1030 2608 1258 2671 impressa
1292 2611 1341 2656 et
1375 2607 1701 2671 pendentibus,
1737 2607 1824 2656 sub
1859 2607 2074 2656 manibus
2107 2609 2396 2659 notariorum
2431 2612 2518 2661 Jo-

589 2702 756 2750 hannis
781 2700 989 2748 Brekbel
1024 2704 1073 2748 et
1110 2701 1286 2763 Rogeri
1311 2699 1573 2754 Mariscalli
1608 2700 1942 2764 incipientibus
1982 2701 2030 2748 in
2068 2701 2221 2764 prima
2254 2702 2465 2753 clausula
2506 2735 2515 2744 ·

591 2792 650 2838 In
691 2790 876 2838 nomine
902 2789 1060 2837 Patris
1083 2792 1133 2837 et
1159 2787 1269 2836 Filii
1293 2792 1344 2837 et
1369 2789 1574 2852 SpirItus
1615 2788 1780 2836 Sancti
1798 2787 1956 2836 Amen
1993 2815 2004 2826 ·
2043 2789 2275 2839 Nouerint
2310 2793 2515 2842 uniuersi

590 2884 834 2942 presentes
855 2877 1020 2926 literas
1042 2877 1187 2926 visuri
1218 2877 1292 2925 vel
1325 2877 1534 2930 audituri
1569 2877 1695 2940 quod
1730 2892 1856 2926 anno
1895 2877 1956 2924 ab
1993 2877 2316 2928 incarnatione
2341 2881 2515 2930 domini

591 2966 838 3036 millesimo
898 2963 1369 3029 quadringentesimo
1426 2965 1608 3015 decimo
1653 2965 1730 3013 die
1778 2965 2005 3012 Mercurii
2050 2981 2174 3015 nono
2221 2968 2298 3016 die
2343 2971 2517 3020 mensis

595 3053 778 3119 Aprilis
799 3053 981 3102 vocatis
1014 3054 1074 3100 ad
1098 3053 1356 3116 capitulum
1392 3051 1589 3102 ecclesie
1625 3052 1911 3102 cathedralis
1950 3053 2282 3104 Brechinensis
2305 3059 2519 3108 omnibus

594 3147 644 3191 et
681 3141 875 3205 singulis
913 3141 1152 3190 canonicis
1188 3141 1397 3190 eiusdem
1434 3140 1632 3190 ecclesie
1667 3141 1830 3190 citatis
1862 3141 1992 3205 prius
2026 3144 2086 3190 ad
2121 3143 2263 3193 stalla
2295 3161 2382 3194 sua
2404 3148 2519 3211 ipsis

592 3229 832 3278 canonicis
853 3232 907 3276 ut
924 3229 1068 3277 moris
1090 3233 1164 3278 est
1201 3257 1212 3267 ·
1250 3230 1317 3278 Et
1341 3229 1730 3278 conuenientibus
1753 3230 1982 3294 imprimis
2005 3234 2264 3282 renerendo
2287 3234 2335 3282 in
2361 3236 2518 3285 Cristo

590 3321 726 3381 patre
751 3316 940 3365 domino
965 3315 1183 3366 Waltero
1207 3317 1432 3367 Forestar
1454 3318 1760 3381 permissione
1781 3318 1943 3367 diuina
1966 3320 2186 3384 episcopo
2212 3322 2517 3374 Brechinensi
