2950 3970
350 578 445 631 xvi
1232 566 1696 626 TABULA.

385 750 612 792 LXXVIII.
671 751 787 790 Carta
806 750 967 789 Roberti
993 748 1131 788 Jacobi
1150 759 1265 797 super
1283 758 1411 784 annuo
1429 745 1580 783 redditu
1599 743 1679 793 xiiij
1695 755 1726 780 s.
1746 754 1816 791 pro
1835 741 2096 780 anniuersario
2115 739 2299 780 eiusdem.
2371 738 2560 791 (Leuand.
2582 738 2628 775 de

776 814 887 853 terris
907 812 1120 852 Alexandri
1141 809 1341 859 Ramsay.)
1395 805 1464 859 [25
1483 807 1573 846 Jan.
1595 805 1774 859 1496-7.]

443 942 627 981 LXXIX.
684 941 952 980 Procuratorie
972 939 1029 977 off
1041 942 1082 988 y‘
1103 936 1294 986 Bischope
1312 934 1387 972 and
1409 933 1619 983 Cheptour.
1675 928 1744 982 [22
1763 932 1791 971 J
1797 946 1860 972 un.
1882 930 2016 984 1497]

465 1067 626 1106 LXXX.
684 1067 986 1105 Instrumentum
1023 1063 1071 1101 de
1108 1070 1147 1101 et
1183 1074 1299 1112 super
1334 1061 1443 1099 brevi
1480 1059 1743 1110 Inquisitionis
1779 1071 1848 1108 per
1883 1057 2100 1097 ,Iohannem
2137 1057 2369 1107 Dempstare
2414 1058 2631 1107 impetrato.

789 1125 858 1179 [23
878 1127 973 1166 Jun.
997 1125 1131 1178 1497.]

452 1255 634 1294 LXXXI.
690 1255 990 1293 Instrumentum
1013 1253 1173 1291 Saisine.
1229 1248 1300 1302 [30
1317 1250 1345 1288 J
1351 1262 1411 1287 an.
1435 1247 1613 1301 1497-8.]

432 1381 636 1419 Lxxxu.
694 1380 877 1418 venditio
896 1379 944 1417 de
966 1377 1188 1428 Reidmyre.
1245 1375 1313 1429 [22
1336 1376 1430 1414 Feb.
1470 1373 1652 1427 1497-8.]

416 1505 639 1545 LXXXIII.
694 1505 827 1544 Litera
858 1504 1070 1542 Bailiuatus
1099 1502 1310 1541 Alexandri
1341 1501 1469 1551 Irwyn
1501 1501 1549 1539 de
1582 1500 1706 1539 Drum
1740 1513 1854 1550 super
1885 1502 1996 1539 terris
2027 1500 2076 1539 de
2109 1475 2281 1550 Redmyr
2308 1505 2348 1539 et
2375 1500 2644 1551 QuhytriggiS.

803 1564 874 1618 [20
894 1567 987 1606 Feb.
1012 1564 1191 1618 1497-8.]

421 1696 643 1734 LXXXIV.
697 1694 947 1732 Mortificatio
974 1693 1114 1732 Jacobi
1139 1692 1266 1743 quarti
1294 1692 1414 1741 Regis
1433 1691 1481 1729 de
1501 1691 1612 1729 terris
1640 1691 1688 1729 de
1718 1690 1915 1740 Redemyr
1942 1694 1982 1729 et
2009 1691 2276 1740 Quhiteriggis
2304 1690 2406 1728 facta
2430 1690 2647 1741 Capellanis

804 1757 919 1796 Chori
955 1756 1227 1795 Brechinensis
1255 1768 1325 1805 per
1350 1755 1574 1804 magistrum
1605 1753 1799 1792 Andream
1828 1753 1925 1791 Lien
1953 1753 2231 1792 thesaurarium
2262 1753 2577 1793 Aberdonensem
2607 1760 2646 1792 et

801 1821 1086 1870 pensionarium
1107 1819 1420 1858 Brechinensem.
1475 1815 1543 1868 [28
1563 1818 1661 1855 Mar.
1685 1815 1818 1870 1498.]

450 1948 650 1986 LXXXV.
705 1946 836 1986 Litera
881 1946 1093 1984 Baliiuatus
1139 1946 1313 1995 magistri
1350 1944 1504 1982 Andr-ee
1543 1943 1641 1982 Lien
1680 1955 1794 1993 super
1831 1942 1941 1981 terris
1976 1943 2024 1981 de
2062 1941 2258 1992 Redmyre
2294 1951 2333 1981 et
2369 1943 2649 1994 Quhiteriggis.

806 2007 877 2061 [20
897 2009 989 2060 Maij
1012 2008 1146 2062 1498.]

430 2137 654 2175 LXXXVI.
708 2137 858 2175 Saisina
876 2136 1040 2186 Agnetis
1063 2136 1204 2173 Baxter
1222 2134 1374 2173 heredis
1395 2134 1551 2172 Ricardi
1573 2133 1728 2171 Litstar.
1785 2131 1855 2184 [20
1878 2133 1967 2197 Oct.
1992 2133 2124 2185 1499.]

407 2262 650 2301 LXXXVII.
704 2263 1005 2301 Instrumentum
1026 2261 1173 2299 Saisine
1193 2261 1230 2298 in
1250 2261 1423 2299 favorem
1443 2260 1605 2299 Henriei
1625 2260 1858 2299 Stevinsoun
1878 2265 1917 2298 et
1935 2260 2017 2298 eius
2036 2273 2190 2310 sponse.
2246 2259 2289 2312 [4
2309 2261 2406 2300 Jun.
2428 2261 2558 2313 1505]

394 2389 659 2427 LXXXVIII.
708 2389 1011 2426 lustramentum
1031 2387 1319 2436 Resignationis
1339 2386 1459 2424 EIene
1491 2385 1756 2425 Cruckshank.
1812 2384 1856 2438 [4
1875 2385 1903 2425 J
1908 2399 1971 2425 un.
1995 2386 2129 2439 1506.]

433 2515 655 2553 LXXXIX.
713 2515 829 2553 Carta
848 2514 1031 2551 Wilielmi
1053 2513 1235 2563 Episcopi
1254 2512 1282 2550 J
1287 2513 1427 2550 ohanni
1454 2512 1620 2550 Annand
1639 2518 1678 2551 et
1697 2513 1779 2551 eius
1798 2526 1948 2563 sponse.
2005 2511 2047 2565 [9
2067 2514 2092 2552 J
2097 2527 2159 2551 un.
2183 2513 2313 2566 1506.]

572 2641 655 2680 XC.
714 2641 1015 2680 Instrumentum
1036 2639 1182 2678 Saisine
1202 2640 1240 2676 in
1259 2638 1431 2677 favorem
1449 2638 1637 2677 Johannis
1658 2640 1824 2678 Annand
1843 2644 1882 2677 et
1901 2641 1984 2678 eius
2002 2652 2154 2690 sponse.
2212 2638 2278 2691 [11
2300 2641 2327 2679 J
2331 2654 2392 2679 un.
2415 2641 2546 2692 15064

553 2767 658 2806 XCI.
715 2766 1016 2880 Instrumentlpm
1036 2766 1184 2804 Saisine
1204 2767 1241 2803 in
1261 2765 1434 2804 favorem
1451 2765 1640 2804 Johannis
1656 2765 1822 2816 Rugiine
1836 2766 1987 2805 heredis
2009 2766 2192 2805 willelmi
2208 2767 2462 2817 Mychelsoun
2482 2770 2661 2808 avuncuii

820 2831 891 2868 sui.
967 2831 989 2867 9
1011 2830 1108 2868 Mar.
1133 2827 1309 2880 1506-7.]

541 2954 666 2993 XCII.
723 2954 1022 3070 Instrument[um
1044 2955 1190 2994 Saisine
1217 2955 1256 2992 in
1285 2955 1457 2993 favorem
1485 2953 1671 2993 Willelmi
1691 2953 1799 2994 Rede
1820 2955 1986 3006 junioris
2006 2956 2156 2995 heredis
2183 2957 2393 2996 Alexandri
2416 2957 2522 2997 Rede
2543 2962 2660 3009 patris

825 3017 895 3056 sui.
975 3019 1020 3056 13
1042 3018 1164 3068 April.
1187 3017 1320 3070 1507.]

521 3142 669 3182 XCIII.
727 3142 1027 3181 Instrumentum
1050 3144 1194 3182 Saisine
1214 3146 1251 3182 in
1280 3144 1453 3183 favorem
1479 3144 1666 3182 Johannis
1687 3144 1795 3184 Rode
1813 3145 2002 3195 capellani
2019 3146 2148 3185 fratris
2167 3147 2328 3197 predicti
2352 3149 2535 3187 Willeimi
2558 3150 2664 3188 Rode

819 3206 997 3256 junioris.
1054 3203 1122 3257 [15
1145 3207 1266 3256 April.
1290 3207 1423 3262 1507.]

522 3331 667 3371 XCIV.
723 3331 1024 3371 Instrumentum
1052 3337 1352 3382 transsumptum
1382 3333 1653 3384 assignationis
1679 3346 1749 3384 per
1777 3334 1991 3375 Robertum
2020 3335 2197 3386 Erskyne
2225 3337 2387 3377 militem
2405 3342 2446 3377 et
2472 3307 2666 3376 dominnm
