2950 3970
636 621 1102 676 REGISTRUM
1140 621 1680 678 EPISCOPATUS
1719 624 2308 683 BRECHINENSIS.
2359 630 2431 684 43

509 808 749 857 Robertus
784 810 843 856 de
880 809 1116 857 Maxtoun
1151 809 1349 859 clericus
1385 811 1549 859 Sancti
1586 812 1774 859 Andree
1810 812 2023 861 dioecesis
2050 813 2262 876 publicus
2295 818 2428 862 auto-

506 896 651 944 ritate
692 896 927 960 imperiali
961 897 1173 946 notarius
1209 926 1218 935 ·
1259 927 1267 935 ·
1307 925 1317 935 ·
1355 899 1420 946 Et
1471 915 1557 962 ego
1609 899 1880 947 Alexander
1935 901 2183 963 Lyndesay
2232 901 2427 950 clericus

505 984 671 1032 Sancti
695 985 886 1032 Andree
911 985 1128 1034 dioecesis
1148 985 1362 1049 publicus
1385 987 1642 1035 autoritate
1665 987 1927 1050 apostolica
1948 989 2159 1037 notarius
2195 1017 2204 1026 ·
2245 1018 2254 1026 ·
2294 1018 2302 1026 ·

431 1206 461 1233 ἦε
506 1182 808 1247 Indulgentia
830 1183 879 1231 in
900 1185 1024 1232 festo
1049 1185 1256 1248 corporis
1281 1184 1458 1234 Christi
1483 1201 1706 1234 concessa
1729 1186 1942 1234 omnibus
1966 1186 2176 1234 ecclesiis
2214 1216 2222 1224 ·

414 1338 476 1384 31
512 1306 791 1386 Martinus
814 1337 1065 1401 episcopus
1101 1353 1264 1387 seruus
1300 1354 1538 1387 seruorum
1564 1341 1656 1388 Dei
1680 1342 1740 1388 ad
1765 1345 2038 1404 perpetuam
2063 1343 2130 1389 rei
2154 1341 2420 1391 memoriam

505 1425 753 1474 Ineffabile
788 1426 1074 1474 sacramenti
1110 1427 1235 1490 quod
1267 1428 1484 1476 sacerdos
1521 1429 1569 1475 in
1592 1433 1804 1476 eternum
1840 1429 2054 1477 Christus
2090 1429 2325 1478 Dominus
2354 1430 2422 1476 in-

501 1517 661 1562 stante
685 1529 826 1577 quam
849 1529 935 1577 pro
957 1515 1286 1577 peccatoribus
1308 1516 1464 1564 subire
1479 1516 1626 1564 voluit
1644 1532 1725 1564 sue
1744 1517 1908 1564 mortis
1921 1520 2131 1580 tempore
2145 1518 2279 1566 nobis
2293 1521 2347 1565 ut
2365 1533 2421 1565 eo

503 1602 641 1664 digne
659 1601 826 1649 refecti
845 1601 1110 1650 diuinitatis
1127 1602 1273 1665 ipsius
1290 1604 1543 1667 participes
1560 1604 1654 1652 sint
1672 1604 1721 1650 in
1738 1604 2006 1652 memoriale
2030 1604 2217 1667 reliquit
2234 1605 2424 1666 gloriosi

502 1690 713 1754 corporis
736 1694 785 1738 et
809 1690 1050 1753 sanguinis
1071 1690 1175 1739 eius
1196 1692 1455 1739 misterium
1479 1692 1713 1755 precipuis
1747 1707 1776 1738 a
1809 1691 2012 1738 fidelium
2039 1692 2247 1755 quolibet
2277 1692 2421 1740 attol-

501 1778 692 1826 lendum
728 1778 829 1826 fore
865 1782 1166 1827 recensentes
1196 1779 1449 1827 honoribus
1483 1796 1539 1827 ac
1575 1779 1890 1828 deuotissimis
1922 1779 2111 1827 laudum
2136 1781 2303 1828 studiis
2325 1797 2420 1827 am-

502 1867 804 1929 plectendum
840 1866 1014 1915 mistici
1050 1867 1398 1930 dispensatione
1438 1868 1647 1917 thesauri
1681 1867 1841 1916 fideles
1878 1869 2064 1915 eosdem
2102 1869 2285 1932 quidem
2322 1874 2420 1916 tam

503 1956 835 2020 pretiocissimi
853 1956 1151 2004 veneracioni
1175 1957 1456 2005 sacramenti
1475 1957 1669 2005 sinceris
1683 1957 1928 2004 affectibus
1950 1961 1999 2004 et
2022 1957 2172 2018 dignis
2189 1957 2420 2020 obsequiis

502 2047 742 2092 feruenter
763 2045 1012 2092 intendant
1031 2045 1242 2093 excitare
1261 2045 1517 2107 satagimus
1539 2049 1592 2092 ut
1615 2045 1878 2092 huiusmodi
1915 2045 1963 2090 in
1986 2044 2055 2092 eis
2077 2044 2277 2092 fructum
2298 2060 2419 2092 mors

503 2135 670 2182 afferat
694 2138 744 2182 et
767 2133 862 2182 illis
885 2132 1051 2181 celesti
1088 2134 1259 2196 pabulo
1294 2133 1526 2195 vegetatis
1547 2133 1692 2196 ipsius
1715 2132 1950 2180 institutio
1973 2132 2251 2180 sacramenti
2276 2133 2421 2194 prosit

504 2225 677 2287 iugiter
721 2225 784 2271 ad
818 2223 1020 2273 salntem
1064 2224 1190 2271 Sane
1234 2223 1407 2269 dudum
1447 2220 1599 2268 felicis
1647 2219 1988 2268 recordacionis
2039 2219 2256 2266 Urbanus
2300 2235 2420 2282 papa

503 2317 700 2376 quartus
721 2313 1026 2377 predecessor
1059 2315 1220 2358 noster
1247 2311 1307 2357 ad
1332 2309 1594 2357 orthodoxe
1628 2307 2050 2355 corroborationem
2086 2311 2134 2353 et
2169 2306 2418 2354 exaltatio-

502 2418 612 2449 nem
634 2402 745 2449 fidei
768 2401 905 2464 digne
928 2414 986 2448 ac
1009 2398 1352 2447 rationabiliter
1377 2401 1592 2445 statuens
1614 2399 1666 2443 ut
1691 2396 1748 2442 de
1782 2399 1918 2442 tanto
1949 2399 2240 2442 sacramento
2263 2399 2419 2456 preter

503 2491 633 2538 illam
682 2505 773 2554 que
821 2489 985 2537 dietim
1032 2489 1079 2535 in
1127 2487 1327 2535 ecclesia
1370 2486 1503 2533 fieret
1550 2483 1788 2531 annuatim
1834 2482 2057 2529 memoria
2101 2481 2334 2529 solennior
2366 2498 2421 2529 ac

501 2579 751 2643 specialior
800 2578 1054 2625 haberetur
1103 2579 1152 2623 et
1203 2575 1264 2622 ad
1314 2573 1641 2622 celebrandum
1689 2571 1789 2618 eius
1823 2574 1920 2617 tam
1957 2568 2192 2616 excelsum
2227 2574 2416 2632 tamque

501 2669 754 2732 gloriosum
790 2668 964 2715 festum
1004 2665 1228 2720 Quintam
1253 2666 1360 2726 post
1385 2661 1593 2709 Octauas
1630 2658 1967 2706 Penthecostes
1987 2657 2150 2704 feriam
2175 2657 2418 2719 designans

501 2758 720 2821 ipsosque
754 2754 919 2803 fideles
957 2755 1019 2802 ad
1060 2752 1306 2800 colendum
1343 2749 1459 2796 illud
1498 2748 1632 2796 donis
1671 2745 1993 2810 spiritualibus
2024 2746 2229 2791 animare
2262 2745 2419 2793 volens

500 2847 716 2895 omnibns
746 2860 855 2892 vere
895 2841 1217 2907 penitentibus
1256 2843 1305 2887 et
1346 2837 1570 2885 confessis
1610 2835 1690 2899 qui
1729 2834 1776 2880 in
1819 2831 2091 2880 Matutinali
2125 2833 2275 2879 officio
2308 2834 2415 2881 festi

500 2935 711 2984 eiusdem
747 2933 797 2980 in
833 2930 1035 2980 ecclesia
1070 2929 1118 2976 in
1167 2943 1260 2992 qua
1294 2926 1409 2973 illud
1444 2924 1759 2972 celebraretur
1792 2922 2072 2968 interessent
2108 2920 2305 2967 Centum
2338 2923 2415 2983 qui

499 3039 611 3072 vero
636 3023 784 3072 Misse
802 3020 1005 3070 totidem
1025 3022 1074 3066 et
1093 3017 1240 3081 quiin
1259 3014 1429 3062 Primis
1446 3012 1591 3076 ipsius
1607 3010 1717 3058 festi
1735 3009 1941 3071 vesperis
1958 3007 2174 3055 similiter
2190 3008 2387 3055 Centum
2406 3037 2415 3046 ·

499 3111 593 3167 Qui
607 3115 771 3159 autem
786 3110 835 3157 in
854 3106 1085 3157 Secundis
1099 3104 1298 3153 totidem
1314 3101 1419 3149 Illis
1441 3115 1551 3147 vero
1566 3099 1645 3162 qui
1671 3097 1825 3144 Primo
1850 3095 2009 3143 Tertie
2034 3095 2180 3143 Sexte
2206 3096 2338 3143 None
2361 3112 2415 3143 ac

497 3197 804 3263 Completorii
825 3197 1045 3245 horarum
1068 3192 1234 3242 officiis
1253 3206 1339 3254 pro
1357 3187 1565 3252 qualibet
1582 3187 1786 3249 ipsarum
1805 3183 2124 3245 Quadraginta
2148 3183 2233 3231 Eis
2255 3187 2410 3231 autem

495 3289 575 3353 qui
610 3304 695 3352 per
721 3286 932 3335 Oetauas
965 3282 1112 3347 ipm‘ns
1133 3279 1243 3329 festi
1268 3274 1629 3326 Matutinalibus
1653 3271 1949 3336 Vespertinis
1971 3271 2117 3319 Misse
2135 3285 2192 3318 ac
2213 3271 2412 3333 predict-
