2950 3970
585 605 1082 667 REGISTRUM
1119 605 1654 664 EPISOOPATUS
1695 609 2281 671 BREOHINENSIS.
2337 619 2410 674 39

491 794 706 844 blanensi
733 793 1088 856 [Dunkeldensi
1104 795 1149 859 ἓ]
1188 793 1405 844 Gilberto
1439 797 1764 846 Aberdonensi
1801 798 2020 849 Waltero
2058 801 2362 852 Brechinensi
2400 832 2409 841 ·

493 883 595 933 Nec
630 899 726 931 non
762 882 1145 946 procuratoribus
1183 883 1473 933 dominorum
1511 884 1833 949 episcoporum
1870 887 2066 936 Henrici
2103 889 2412 939 Morauiensis

411 1028 416 1032 ,
493 973 672 1021 Τ1101116
709 950 1033 1020 Οειῐῖᾱίἀθωεθ
1064 969 1329 1020 Alexandri
1355 972 1684 1023 Cathaniensis
1718 990 1774 1022 ac
1809 975 1842 1021 J
1847 975 2043 1024 ohannis
2076 976 2216 1025 electi
2250 979 2414 1026 confir-

490 1061 608 1109 mati
644 1059 896 1109 Rossensis
930 1059 1228 1123 presentibus
1261 1060 1406 1108 etiam
1440 1062 1782 1111 venerabilibus
1798 1063 2028 1126 ‚patribus
2061 1065 2214 1127 priore
2238 1066 2402 1115 Sancti

492 1150 683 1198 Andree
716 1152 765 1196 et
801 1147 1052 1196 abbatibus
1089 1148 1479 1196 monasteriorum
1508 1150 1566 1197 (16
1603 1150 1955 1214 Camyskynnet
1992 1153 2053 1200 de
2088 1153 2321 1203 Lundoris
2353 1155 2411 1201 de

493 1237 652 1301 Cupro
684 1238 743 1285 de
781 1235 1055 1286 Newbottle
1089 1251 1146 1284 ac
1181 1237 1564 1300 procuratoribus
1598 1238 1822 1287 abbatum
1859 1240 1918 1287 de
1952 1239 2320 1305 Dunfermlynge
2356 1243 2413 1290 de

492 1325 683 1375 Calcow
707 1326 766 1373 de
793 1324 998 1373 Melross
1022 1325 1080 1372 de
1107 1325 1284 1372 Sancta
1319 1325 1470 1373 Cruce
1511 1326 1569 1373 de
1611 1326 1897 1375 Aberbroith
1937 1329 1995 1375 de
2038 1329 2328 1378 Ghedworth
2353 1331 2412 1377 de

491 1414 731 1462 Driburch
767 1418 818 1462 et
852 1414 912 1462 (16
949 1413 1140 1462 Paslate
1179 1441 1189 1450 ·
1228 1414 1423 1461 Necnon
1456 1413 1810 1478 quamplurimis
1846 1416 2036 1465 decanis
2069 1417 2411 1466 archidiaconis

490 1503 724 1567 prioribus
746 1501 1137 1551 monasteriorum
1173 1506 1222 1549 et
1257 1502 1433 1550 maiore
1467 1507 1602 1565 parte
1626 1503 1739 1551 cleri
1762 1519 1852 1567 que
1875 1504 1923 1551 in
1947 1504 2143 1553 consilio
2164 1509 2212 1552 et
2237 1506 2413 1568 synodo

489 1591 697 1655 generali
728 1591 974 1640 consueuit
999 1591 1269 1654 congregari
1293 1590 1606 1654 perlectisque
1632 1591 1890 1655 priuilegiis
1913 1596 1961 1640 et
1985 1593 2179 1640 statutis
2203 1593 2414 1640 continu-

433 1719 438 1724 .
491 1685 668 1744 atoque
693 1679 888 1728 consilio
922 1679 1063 1743 petiit
1098 1679 1310 1742 prefatus
1345 1679 1560 1728 dominus
1593 1683 1896 1729 conseruator
1929 1679 2158 1728 declarari
2193 1696 2282 1743 que
2305 1696 2414 1728 con-

491 1771 693 1819 suetudo
717 1770 766 1817 in
789 1768 984 1832 singulis
1007 1768 1300 1816 dioecesibus
1317 1768 1365 1815 in
1384 1768 1735 1816 confirmatione
1758 1772 2147 1816 testamentorum
2166 1768 2414 1816 retroactis

491 1859 783 1923 temporibus
820 1858 1066 1907 consueuit
1103 1857 1343 1906 obseruari
1379 1884 1391 1895 ·
1428 1857 1494 1905 Et
1532 1857 1594 1904 ad
1629 1856 1992 1904 declarationem
2016 1856 2279 1905 huiusmodi
2301 1856 2414 1904 faci-

493 1949 662 1996 endam
679 1963 766 2012 per
783 1947 1074 2010 antiquiores
1094 1946 1151 1993 de
1171 1945 1296 1993 clero
1315 1946 1374 1993 de
1397 1944 1591 2008 singulis
1615 1944 1905 1993 dioecesibus
1927 1944 1975 1991 in
1998 1944 2095 1993 suis
2117 1944 2413 1993 conscientiis

491 2054 577 2102 per
601 2037 923 2100 juramentum
955 2037 1017 2084 ad
1049 2038 1217 2084 sancta
1252 2034 1346 2082 Dei
1382 2033 1625 2096 euangelia
1649 2032 1862 2081 onerauit
1899 2059 1910 2070 ·
1948 2033 2039 2088 Qui
2062 2048 2222 2080 omnes
2244 2032 2414 2080 auisati

492 2126 790 2175 concorditer
813 2124 1173 2173 declarauerunt
1198 2120 1553 2186 quod'episcopi
1577 2125 1625 2169 et
1650 2121 1931 2168 ordinariam
1954 2121 2180 2169 habentes
2199 2119 2414 2181 jurisdic-

491 2217 671 2264 tionem
708 2217 1054 2264 consueuerunt
1091 2229 1121 2260 a
1156 2216 1256 2260 tam
1293 2210 1431 2274 longo
1467 2214 1679 2273 tempore
1717 2210 1775 2256 de
1813 2209 1944 2257 cuius
1967 2208 2201 2256 contrario
2223 2223 2316 2255 non
2339 2212 2411 2256 est

491 2309 720 2358 memoria
762 2307 1005 2356 hominum
1050 2305 1324 2354 confirmare
1368 2306 1657 2351 testamenta
1702 2305 1750 2349 et
1796 2300 2037 2350 codicillos
2083 2300 2407 2348 decedentium

492 2398 786 2448 subditorum
810 2412 999 2445 suorum
1022 2393 1301 2443 testantium
1337 2396 1385 2440 et
1421 2389 1756 2438 decedentibus
1777 2389 1836 2437 ab
1861 2389 2086 2436 intestato
2111 2388 2222 2435 dare
2244 2402 2412 2436 execu·

491 2492 621 2536 tores
644 2487 835 2550 insuper
857 2487 1155 2548 sequestrare
1177 2482 1332 2530 facere
1357 2480 1681 2527 defunctorum
1715 2477 1838 2525 bona
1861 2491 2098 2539 quousque
2123 2479 2409 2523 testamenta

492 2577 699 2640 ipsorum
721 2576 877 2624 forent
901 2571 1151 2622 ordinariis
1171 2573 1445 2634 presentata
1479 2571 1528 2615 et
1562 2567 1620 2614 ab
1645 2565 1732 2613 eiis
1766 2564 1806 2613 si
1839 2563 2045 2626 legitime
2069 2567 2225 2615 essent
2249 2563 2411 2611 confir-

488 2670 624 2716 mata
660 2693 671 2703 ·
707 2665 834 2714 Item
885 2662 1230 2711 consueuerant
1275 2661 1434 2722 petere
1491 2656 1550 2703 ab
1607 2652 1935 2702 executoribus
1978 2655 2077 2701 tam
2134 2650 2409 2700 testantium

493 2771 634 2819 quam
669 2751 998 2802 decedentium
1035 2749 1095 2797 ab
1130 2749 1357 2796 intestato
1382 2745 1440 2792 de
1470 2742 1595 2791 fideli
1626 2742 1892 2803 juramento
1926 2738 2055 2786 facto
2088 2737 2162 2786 vel
2194 2738 2407 2786 faciendo

487 2844 808 2905 juramentum
832 2841 1023 2902 insuper
1046 2837 1170 2901 quod
1207 2833 1409 2882 fideliter
1443 2833 1734 2893 exequentur
1753 2828 1896 2890 juxta
1918 2841 2054 2889 posse
2081 2824 2405 2875 rationabilem

494 2931 705 2980 defuncti
726 2929 1019 2979 voluntatem
1057 2954 1068 2964 ·
1103 2926 1231 2973 Item
1268 2922 1392 2986 quod
1428 2919 1582 2984 parati
1610 2920 1745 2965 erunt
1782 2915 1976 2962 reddere
2007 2913 2238 2962 ordinario
2262 2914 2409 2961 racio-

492 3037 600 3069 nem
635 3023 684 3068 et
720 3018 815 3067 illis
849 3031 1046 3081 quorum
1080 3014 1278 3061 interest
1314 3011 1371 3058 de
1407 3006 1654 3056 commissa
1676 3004 1765 3052 sibi
1787 3001 2191 3050 administratione
2227 3002 2411 3064 quando

493 3125 634 3173 super
666 3109 756 3156 hoc
790 3105 965 3154 fuerint
1003 3102 1171 3151 moniti
1207 3116 1290 3148 seu
1327 3097 1484 3145 debite
1518 3092 1731 3157 requisiti
1766 3106 1855 3154 que
1890 3089 2115 3153 premissa
2137 3090 2406 3138 asserebant

492 3197 679 3246 notoria
712 3199 762 3243 et
796 3193 1045 3242 manifeste
1080 3190 1332 3238 obseruata
1366 3188 1414 3232 et
1450 3184 1508 3230 de
1543 3182 1611 3230 eis
1645 3183 1747 3228 erat
1777 3193 1869 3226 vox
1903 3177 2091 3240 publica
2123 3181 2172 3225 et
2207 3192 2408 3224 commu-

494 3287 567 3335 nis
589 3286 716 3333 fama
753 3313 762 3322 ·
801 3283 867 3331 Et
890 3281 1002 3345 quia
1039 3280 1097 3327 de
1133 3279 1277 3341 quota
1304 3271 1532 3322 soluenda
1552 3269 1642 3317 fuit
1677 3266 1860 3331 questio
1893 3265 2022 3313 facta
2087 3264 2409 3312 Deliberatum
