2950 3970
549 630 625 684 44
727 630 1188 686 REGISTRUM
1227 631 1763 687 EPISCOPATUS
1803 631 2391 699 BRECHINENSIS.

554 832 685 864 arum
725 817 943 865 horarum
981 819 1148 867 officiis
1183 819 1467 867 interessent
1501 818 1695 882 singulis
1743 819 2031 868 Octauarum
2069 820 2273 883 ipsarum
2308 820 2473 868 diebus

553 904 697 952 etiam
717 904 918 953 Centum
942 906 1042 954 dies
1066 907 1124 954 de
1148 906 1369 954 iniunctis
1392 906 1482 954 sibi
1505 907 1779 969 penitentiis
1801 907 2167 956 misericorditer
2189 907 2424 956 relaxauit
2462 936 2471 945 -

555 992 654 1040 Nos
680 1008 788 1040 vero
812 993 891 1056 qui
914 994 1052 1042 huius
1075 994 1307 1041 curricula
1331 994 1491 1041 mundi
1510 995 1850 1058 superstitiosis
1866 996 2079 1045 heresum
2098 997 2319 1045 fomentis
2341 1012 2475 1059 guer-

556 1096 804 1144 rarumque
837 1081 1102 1130 turbinibus
1135 1097 1317 1129 necnon
1358 1082 1507 1145 pestis
1541 1086 1590 1130 et
1625 1082 1823 1130 aliarum
1864 1099 1954 1146 que
2001 1084 2165 1132 dietim
2211 1100 2272 1132 ex
2318 1085 2475 1131 diuine

557 1169 821 1218 maiestatis
843 1173 896 1217 ut
932 1170 1237 1218 formidamus
1261 1170 1437 1218 offensa
1460 1170 1854 1234 circumstrepunt
1879 1171 2201 1220 calamitatum
2219 1172 2476 1235 dispendiis

555 1257 670 1304 fines
715 1257 859 1320 proch
906 1257 1039 1305 dolor
1083 1259 1316 1306 adducere
1364 1258 1598 1307 cernimus
1643 1259 1818 1322 passim
1868 1260 2127 1309 deteriores
2169 1260 2478 1324 amplioribus

556 1345 814 1408 spiritualis
832 1346 1282 1408 recompensationis
1306 1346 1555 1409 impendiis
1576 1346 1738 1395 fideles
1761 1348 1949 1395 eosdem
1973 1349 2033 1395 ad
2058 1347 2371 1411 impertienda
2392 1365 2477 1412 pro

555 1433 855 1482 veneratione
883 1433 1166 1482 sacramenti
1188 1434 1455 1482 huiusmodi
1492 1462 1502 1472 ·
1541 1434 1606 1481 Et
1622 1434 1804 1482 utillud
1830 1451 1922 1498 quo
1945 1440 2199 1498 pascantur
2222 1441 2271 1484 et
2294 1436 2478 1484 saluen-

553 1527 632 1570 tur
665 1523 870 1585 ipsorum
907 1522 1051 1570 corda
1083 1521 1338 1584 perlustret
1375 1522 1562 1585 potiora
1585 1522 1849 1570 reuerentie
1873 1527 1922 1570 et
1946 1523 2212 1572 deuotionis
2249 1524 2478 1572 exercitia

556 1611 743 1659 firmare
767 1626 1060 1673 summopere
1085 1610 1329 1673 cupientes
1351 1609 1545 1673 singulis
1580 1626 1641 1658 ex
1678 1611 1746 1659 eis
1782 1626 1890 1658 vere
1926 1611 2250 1674 penitentibus
2284 1617 2333 1661 et
2368 1629 2477 1661 con-

553 1699 690 1748 fessis
716 1698 796 1762 qui
833 1702 882 1746 et
921 1697 1139 1762 quotiens
1177 1698 1225 1745 in
1261 1697 1408 1761 ipsius
1431 1698 1714 1747 sacramenti
1737 1714 1822 1762 pro
1844 1698 1968 1747 festo
1996 1699 2228 1761 jeiunium
2262 1701 2336 1748 vel
2370 1701 2475 1749 loco

554 1787 681 1835 illius
725 1786 854 1834 aliud
900 1786 1028 1850 pium
1069 1786 1212 1848 juxta
1258 1802 1446 1834 suorum
1495 1786 1692 1835 consilia
1738 1786 2070 1836 Confessorum
2117 1805 2234 1853 opus
2277 1790 2475 1838 fecerint

555 1876 756 1924 Centum
791 1880 841 1924 et
878 1875 958 1939 qui
992 1875 1232 1938 premissis
1279 1875 1327 1921 in
1362 1874 1575 1923 ecclesiis
1612 1875 1779 1938 quibus
1825 1874 1908 1923 illa
1953 1875 2180 1924 celebrari
2226 1878 2476 1940 contigerit

554 1964 720 2012 officiis
755 1963 1054 2012 interfuerint
1088 1979 1270 2010 necnon
1306 1962 1555 2026 Episcopis
1590 1967 1638 2011 et
1673 1962 1781 2012 aliis
1816 1963 2020 2013 Prelatis
2058 1966 2374 2028 superioribus
2398 1968 2477 2030 qui

554 2052 695 2099 dictis
741 2051 905 2099 officiis
949 2048 1152 2098 libenter
1196 2051 1479 2099 interessent
1515 2053 1597 2100 sed
1633 2052 1702 2099 eis
1737 2052 1983 2115 quominus
2022 2053 2071 2100 in
2105 2053 2220 2116 ipsis
2266 2055 2478 2104 ecclesiis

543 2140 772 2188 interesse
802 2139 986 2202 possint
1018 2155 1104 2202 pro
1145 2139 1479 2187 conseruandis
1515 2155 1703 2188 suarum
1742 2140 2022 2203 dignitatum
2053 2141 2239 2203 juribus
2275 2147 2325 2191 et
2358 2143 2477 2193 alias

552 2227 760 2290 legitime
798 2231 911 2275 tunc
947 2227 1187 2290 impeditis
1223 2243 1309 2290 pro
1348 2226 1625 2274 Matutinali
1660 2229 1888 2276 ducentos
1924 2232 1973 2276 et
2009 2245 2095 2292 pro
2130 2230 2279 2279 Misse
2313 2233 2478 2282 officiis

554 2316 756 2364 totidem
794 2343 804 2354 ·
841 2316 914 2363 Ac
958 2331 1044 2378 pro
1085 2314 1294 2378 qualibet
1331 2330 1628 2378 vesperarum
1670 2315 1814 2363 etiam
1859 2317 2086 2366 ducentos
2123 2345 2133 2355 ·
2172 2318 2476 2383 Reliquamm

551 2421 662 2453 vero
679 2404 764 2452 viz.
784 2403 940 2451 Prime
960 2403 1126 2451 Tercie
1145 2403 1293 2451 Sexte
1314 2403 1448 2451 None
1469 2407 1518 2451 et
1537 2403 1845 2467 Completorii
1862 2405 1972 2453 festi
1989 2405 2276 2469 Octuaginta
2294 2409 2477 2459 Rursus

555 2498 715 2542 autem
739 2494 787 2540 in
812 2491 1096 2556 quibuslibet
1115 2495 1389 2539 octauarum
1409 2491 1573 2540 diebus
1595 2507 1682 2555 pro
1704 2492 1898 2554 singulis
1918 2493 2273 2543 Matutinalium
2313 2525 2323 2535 ·
2361 2499 2478 2547 Mis-

553 2599 710 2632 sarum
746 2586 794 2629 et
828 2597 1127 2644 vesperarum
1162 2579 1379 2628 similiter
1413 2580 1615 2628 Centum
1653 2607 1663 2618 ·
1703 2581 1896 2628 Necnon
1933 2581 2214 2645 reliquarum
2255 2584 2474 2634 horarum

555 2671 811 2720 officiorum
849 2669 1115 2718 huiusmodi
1156 2668 1478 2731 Quadraginta
1515 2696 1525 2706 ·
1562 2667 1668 2716 Illis
1706 2672 1923 2731 preterea
1957 2669 2036 2733 qui
2070 2673 2391 2733 processiones
2427 2675 2475 2723 in

556 2760 722 2823 quibus
746 2760 897 2822 ipsum
922 2758 1156 2806 vinificum
1185 2760 1531 2805 sacramentum
1567 2756 1696 2804 dicto
1729 2757 1851 2804 festo
1878 2757 2022 2818 juxta
2044 2759 2331 2821 prefatarum
2355 2763 2475 2813 ritus

555 2853 858 2901 ecclesiarum
895 2852 1131 2899 deferetur
1165 2851 1389 2899 continuo
1435 2849 1587 2898 secuti
1631 2849 1806 2898 fuerint
1854 2853 1902 2897 et
1949 2850 2234 2912 quibuslibet
2267 2853 2316 2900 in
2349 2855 2473 2904 festo

557 2957 614 2989 ac
633 2942 919 2988 Octauarum
940 2940 1104 2988 diebus
1121 2939 1387 2988 huiusmodi
1410 2955 1496 3002 pro
1513 2953 1630 3001 pace
1649 2941 1699 2985 et
1718 2936 2064 3001 tranquillitate
2087 2938 2284 2988 ecclesie
2304 2942 2478 2994 Missas

560 3031 732 3077 deuote
775 3028 1126 3076 celebrantibus
1172 3044 1258 3091 pro
1307 3025 1502 3090 singulis
1550 3025 1758 3089 ipsarum
1794 3053 1804 3063 ·
1841 3025 2036 3074 Necnon
2076 3026 2183 3076 aliis
2222 3028 2271 3075 in
2311 3033 2476 3081 eodem

556 3119 680 3166 festo
705 3116 986 3164 Euchariste
1010 3119 1356 3163 sacramentum
1380 3115 1550 3162 deuote
1574 3113 1868 3162 sumentibus
1889 3113 2032 3162 etiam
2058 3114 2259 3163 Centum
2283 3118 2476 3182 singulis

556 3205 691 3254 annis
723 3204 935 3267 profecto
965 3204 1066 3251 vice
1102 3203 1311 3267 qualibet
1348 3203 1418 3252 eis
1454 3203 1535 3267 qui
1573 3203 1683 3250 dum
1706 3217 1874 3266 eorpus
1905 3202 2187 3251 dominicum
2221 3210 2475 3256 communi-

553 3293 716 3342 candis
740 3292 948 3340 defertur
981 3291 1176 3340 infirmis
1210 3291 1326 3340 illud
1361 3307 1466 3340 cum
1502 3291 1692 3341 incenso
1725 3290 1943 3339 luminari
1966 3292 2260 3355 precedendo
2294 3294 2367 3342 vel
2401 3312 2474 3345 se-
