2950 3970
573 591 1035 647 REGISTRUM
1074 592 1607 649 EPISCOPATUS
1648 595 2228 652 BRECHINENSIS.
2294 599 2398 652 189

467 779 648 826 tionem
697 779 897 828 ecclesie
945 781 1195 829 Scoticane
1242 783 1316 829 die
1359 799 1467 830 vero
1502 784 1722 846 vigesimo
1758 788 1927 831 octauo
1966 785 2137 833 mensis
2172 785 2204 830 J
2209 785 2386 831 anuarii

469 866 739 915 Indictione
763 872 934 916 octaua
959 869 1269 918 Pontificatus
1295 898 1305 908 ·
1334 899 1343 907 ·
1372 899 1380 908 -
1408 871 1482 917 Pii
1509 899 1518 908 ·
1547 899 1556 908 -
1585 899 1595 909 ·
1620 888 1741 934 pape
1765 873 1956 920 secundi
1981 889 2102 919 anno
2137 874 2339 920 secundo
2376 900 2385 908 ·

471 955 531 1001 In
555 960 765 1004 nostrum
790 957 1077 1004 notariorum
1113 957 1404 1020 publicorum
1430 963 1479 1006 et
1502 960 1696 1007 testium
1722 960 2122 1023 infrascriptorum
2151 960 2388 1023 presentia

469 1049 831 1106 comparuerunt
850 1045 898 1091 in
917 1046 1124 1108 pretorio
1143 1046 1356 1094 ciuitatis
1375 1047 1706 1095 Brechinensis
1725 1048 2021 1096 honorabiles
2038 1049 2123 1095 viri
2146 1048 2179 1094 J
2183 1049 2388 1095 ohannes

468 1133 526 1178 de
564 1132 864 1181 Schoriswod
900 1133 1047 1181 frater
1081 1149 1328 1195 germanus
1354 1162 1364 1170 -
1392 1161 1401 1171 ·
1430 1162 1439 1171 ·
1466 1135 1656 1197 Georgii
1685 1163 1694 1172 ·
1723 1128 1733 1172 ὲ
1761 1163 1770 1172 ·
1798 1135 2024 1198 Episcopi
2060 1135 2388 1183 Brechinensis

469 1224 752 1272 Cancellarii
772 1226 931 1273 Scotie
956 1230 1005 1273 et
1032 1226 1262 1289 Magister
1282 1227 1440 1274 Dauid
1467 1228 1524 1274 de
1550 1228 1764 1290 Guthrye
1790 1229 1846 1274 de
1869 1227 2190 1290 Kyncaldrum
2214 1243 2387 1274 camer-

468 1313 554 1360 arii
569 1314 770 1375 predicti
789 1314 983 1361 Domini
1006 1314 1228 1378 Episcopi
1247 1316 1307 1362 ad
1325 1317 1580 1363 tenendum
1599 1316 1702 1363 Iter
1719 1316 1972 1364 camerarie
1991 1316 2039 1362 in
2058 1316 2251 1363 ciuitate
2271 1316 2385 1362 Bre-

469 1401 679 1448 chinensi
703 1418 787 1463 per
810 1402 1073 1464 predictum
1098 1404 1404 1450 reuerendum
1429 1407 1612 1466 patrem
1636 1403 1923 1451 coniunctim
1947 1408 1997 1451 et
2023 1403 2207 1450 diuisim
2240 1403 2387 1465 speci-

469 1488 608 1535 aliter
623 1489 870 1537 constituti
886 1494 1025 1553 prout
1041 1491 1089 1536 in
1107 1489 1257 1538 literis
1278 1492 1376 1539 suis
1390 1491 1562 1538 ibidem
1579 1491 1800 1554 perlectis
1813 1490 1996 1554 plenius
2011 1490 2338 1537 continebatur
2375 1517 2383 1525 ·

470 1578 651 1631 Quibus
675 1577 896 1640 perlectis
931 1582 980 1625 et
1015 1578 1063 1623 in
1098 1578 1275 1640 vulgari
1300 1578 1530 1641 expositis
1551 1577 1837 1626 honorabilis
1860 1578 1929 1624 vir
1954 1577 2109 1624 Dauid
2135 1577 2387 1638 Dempster

470 1667 528 1712 de
554 1666 802 1714 Ochterles
825 1666 999 1713 ibidem
1018 1666 1330 1728 personaliter
1347 1666 1557 1714 existens
1580 1670 1628 1713 et
1651 1681 1864 1714 asserens
1886 1681 1936 1713 se
1960 1681 2060 1712 esse
2084 1664 2386 1711 camerarium

471 1755 588 1801 dicti
613 1754 809 1802 Domini
835 1754 1060 1817 Episcopi
1085 1758 1133 1801 et
1160 1753 1374 1802 Ecclesie
1414 1753 1746 1801 Brechinensis
1779 1752 2047 1816 specialiter
2080 1752 2384 1799 constitutum

471 1848 519 1891 et
545 1844 773 1906 quasdam
796 1841 962 1890 literas
985 1842 1139 1905 sigillo
1175 1843 1409 1906 quondam
1446 1840 1691 1889 recolende
1728 1840 1949 1888 memorie
1982 1840 2015 1886 J
2020 1840 2214 1887 ohannis
2251 1839 2387 1900 Epis—

471 1932 577 1994 copi
626 1931 958 1979 Brechinensis
1005 1935 1054 1978 et
1100 1930 1252 1992 sigillo
1297 1930 1530 1977 communi
1567 1929 1762 1992 capituli
1808 1928 2034 1990 sigillatas
2080 1928 2300 1990 produxit
2340 1931 2388 1972 et

471 2020 648 2083 perlegi
666 2020 780 2067 fecit
806 2046 817 2057 ι
844 2018 1026 2074 Quibus
1043 2019 1186 2066 etiam
1205 2017 1426 2081 perlectis
1443 2018 1652 2080 prefatus
1668 2017 1825 2063 Dauid
1842 2017 2101 2078 Dempster
2118 2015 2319 2062 asseruit
2337 2030 2386 2061 se

472 2125 574 2156 esse
599 2111 866 2171 promptum
892 2111 941 2154 et
965 2110 1182 2170 paratum
1205 2107 1264 2152 ad
1290 2106 1543 2153 tenendum
1579 2105 1754 2151 dictum
1780 2104 1871 2151 iter
1893 2104 2146 2150 camerarie
2181 2107 2228 2149 et
2264 2103 2386 2164 quod

472 2197 627 2244 nullus
651 2196 772 2244 alius
795 2195 1079 2243 camerarius
1110 2194 1274 2241 habuit
1307 2197 1593 2257 potestatem
1627 2192 1689 2239 ad
1723 2192 2042 2238 affirmandum
2067 2195 2115 2238 et
2137 2191 2388 2238 tenendum

474 2287 652 2333 dictum
691 2285 782 2331 iter
805 2283 1060 2331 camerarie
1084 2283 1173 2330 nisi
1215 2286 1339 2330 esset
1374 2297 1458 2329 suo
1494 2281 1679 2328 nomine
1716 2280 1992 2327 affirmatum
2032 2306 2041 2314 ·
2079 2278 2144 2325 Et
2167 2277 2387 2339 produxit

474 2390 615 2421 unam
654 2371 868 2419 cedulam
906 2371 1084 2419 tenoris
1122 2371 1361 2433 sequentis
1412 2398 1421 2406 -
1475 2370 1500 2415 I
1544 2368 1698 2430 Dawy
1745 2367 1998 2429 Dempster
2033 2365 2086 2412 of
2123 2363 2390 2411 Ochterless

474 2462 623 2509 bailze
647 2461 740 2508 and
765 2459 1097 2507 chawmirlane
1122 2463 1173 2506 to
1199 2474 1276 2520 my
1303 2458 1428 2505 Lord
1452 2473 1511 2519 ye
1537 2456 1729 2517 bischop
1762 2455 1816 2502 of
1845 2453 2075 2500 Brechine
2109 2453 2200 2499 and
2235 2457 2286 2498 to
2320 2452 2393 2498 his

474 2551 596 2613 kyrk
619 2565 696 2596 am
721 2549 869 2610 reddy
891 2552 943 2595 to
968 2547 1077 2594 hald
1102 2563 1179 2609 my
1204 2546 1305 2593 said
1329 2545 1474 2592 lordis
1508 2541 1846 2591 chawmerlane
1870 2557 1954 2603 ayr
1977 2539 2106 2587 callit
2129 2544 2180 2586 to
2202 2539 2276 2601 yis
2299 2539 2389 2601 day

474 2639 567 2685 and
592 2637 790 2701 proferis
809 2653 883 2684 me
906 2640 1042 2699 yerto
1065 2633 1349 2695 lauchfullye
1373 2638 1425 2679 to
1448 2635 1620 2678 execut
1643 2645 1780 2692 myne
1800 2629 1931 2676 office
1951 2627 2004 2675 of
2024 2626 2389 2688 chawmerlanry

473 2727 596 2775 efter
629 2741 687 2788 ye
722 2729 861 2772 tenor
895 2724 948 2771 of
977 2740 1054 2785 my
1090 2723 1310 2770 feftment
1345 2721 1437 2768 and
1471 2735 1529 2782 ye
1564 2734 1722 2782 power
1761 2731 1952 2779 gewyne
1987 2719 2038 2762 to
2072 2730 2145 2761 me
2178 2730 2386 2776 yarupon

477 2817 712 2871 Quharfor
752 2816 778 2862 I
815 2815 985 2862 exhort
1021 2815 1112 2860 and
1150 2811 1405 2873 dischargis
1439 2810 1491 2857 of
1534 2824 1621 2856 our
1655 2808 1890 2855 Soueraue
1927 2805 2095 2852 Lordis
2142 2803 2303 2850 behalf
2330 2818 2388 2864 ye

478 2905 624 2966 Kyng
646 2904 700 2952 of
729 2902 954 2952 Scotland
979 2903 1012 2948 J
1016 2917 1158 2955 ames,
1183 2901 1236 2948 of
1265 2916 1343 2962 my
1369 2898 1494 2946 Lord
1519 2897 1712 2958 bischop
1738 2894 1933 2956 Georgis
1967 2893 2020 2940 of
2049 2892 2386 2940 Schoriswodis

477 2992 641 3040 behalf
659 2993 752 3039 and
775 2991 829 3039 of
858 3006 997 3053 myne
1022 2994 1105 3052 yat
1129 3005 1190 3035 na
1215 3003 1321 3034 man
1346 2987 1550 3048 attempt
1572 3000 1635 3031 na
1659 2987 1710 3031 ta
1733 2997 1869 3044 wpon
1893 2981 2016 3027 hand
2039 2984 2091 3026 to
2115 2983 2284 3026 execut
2312 2995 2386 3039 my

478 3081 580 3129 said
604 3081 737 3127 office
761 3080 910 3126 under
931 3095 990 3141 ye
1017 3092 1137 3141 pane
1162 3076 1215 3123 of
1242 3075 1334 3122 law
1357 3074 1429 3120 for
1453 3072 1479 3120 I
1505 3072 1710 3119 disasent
1747 3073 1884 3132 yarto
1909 3069 1999 3114 and
2025 3066 2103 3114 wil
2125 3066 2192 3113 let
2216 3067 2254 3113 it
2277 3067 2387 3113 eftir

478 3186 557 3231 my
580 3184 741 3231 power
763 3167 854 3214 and
879 3166 949 3228 gif
979 3166 1089 3213 ocht
1124 3165 1182 3210 be
1218 3164 1337 3210 done
1361 3165 1497 3208 atour
1519 3164 1601 3222 yat
1638 3158 1664 3205 I
1699 3160 1878 3220 protest
1900 3156 1973 3202 for
2008 3170 2083 3201 me
2120 3154 2212 3200 and
2248 3170 2384 3215 myne

480 3257 592 3304 airis
615 3261 698 3319 yat
723 3256 760 3303 it
785 3256 915 3302 draw
938 3269 1007 3302 ws
1029 3257 1080 3299 to
1104 3267 1165 3299 na
1188 3249 1424 3314 preiudice
1448 3263 1509 3295 na
1532 3247 1799 3307 henderyng
1823 3245 1874 3291 of
1906 3227 1990 3290 our
2013 3242 2133 3289 richt
2171 3242 2217 3288 in
2254 3246 2382 3303 tyme
