2950 3970
521 636 595 703 '26
661 650 1126 708 REGISTRUM
1160 651 1701 708 EPISCOPATUS
1741 650 2332 708 BRECHINENSIS.

523 836 706 885 cionem
750 838 949 887 ecclesie
992 840 1049 886 de
1089 839 1365 903 Cortoquhy
1405 855 1511 887 cum
1547 840 1846 903 pertinentiis
1869 839 2053 903 prefato
2079 839 2298 887 Waltero
2320 838 2457 886 fratri

523 930 685 974 nostro
708 926 960 975 heredibus
982 927 1080 975 suis
1121 931 1169 975 et
1206 927 1456 990 assignatis
1493 929 1555 975 de
1597 928 1786 976 domino
1809 932 1972 976 nostro
1999 944 2109 991 rege
2133 931 2183 976 et
2206 926 2458 974 heredibus

522 1014 620 1061 suis
654 1014 701 1061 in
749 1015 888 1062 feodo
928 1019 978 1062 et
1018 1015 1282 1063 hereditate
1311 1015 1655 1079 imperpetuum
1696 1032 1782 1079 per
1821 1031 1984 1064 omnes
2023 1020 2180 1064 rectas
2219 1018 2373 1063 metas
2409 1018 2457 1061 et

523 1101 700 1150 diuisas
735 1118 844 1150 suas
877 1103 1097 1169 antiquas
1131 1103 1176 1150 in
1214 1119 1354 1151 unam
1386 1103 1616 1166 integram
1647 1103 1844 1151 liberam
1884 1104 2127 1152 baroniam
2174 1118 2280 1151 cum
2325 1102 2458 1149 furca

523 1193 572 1236 et
605 1189 734 1238 fossa
770 1218 779 1227 ·
818 1191 915 1238 Sok
938 1191 1025 1238 sak
1048 1190 1169 1238 tholl
1192 1191 1350 1239 theme
1373 1191 1657 1254 infangande
1696 1191 1824 1240 theif
1851 1193 1974 1240 *and
1998 1192 2315 1254 outfangande
2337 1191 2464 1238 theif

524 1293 630 1325 cum
671 1279 933 1326 tenandriis
979 1283 1028 1326 et
1074 1279 1486 1339 liberetenentium
1532 1279 1746 1329 seruiciis
1790 1295 1896 1327 cum
1943 1279 2085 1328 curiis
2125 1279 2361 1328 eschaetis
2407 1282 2456 1325 et

522 1366 755 1414 curiarum
780 1367 988 1415 exitibus
1025 1367 1192 1415 bondis
1216 1368 1462 1430 bondagiis
1484 1368 1660 1416 natiuis
1697 1371 1746 1416 et
1787 1383 1948 1415 eorum
1972 1366 2178 1431 sequelis
2213 1367 2262 1414 in
2303 1366 2458 1414 boscis

520 1454 674 1518 planis
712 1483 720 1492 ·
761 1483 769 1492 ·
810 1484 819 1492 ·
860 1471 917 1502 ac
941 1470 1047 1502 cum
1071 1454 1286 1503 omnibus
1308 1455 1416 1503 aliis
1439 1460 1488 1503 et
1513 1455 1706 1518 singulis
1736 1455 2037 1504 libertatibus
2074 1484 2084 1493 ·
2123 1483 2133 1493 ·
2173 1483 2182 1492 -
2218 1455 2279 1502 ad
2304 1455 2458 1503 dictas

446 1609 452 1614 .
520 1547 674 1592 terras
711 1548 760 1591 et
801 1543 1168 1601 aduoeacionem
1203 1543 1402 1592 ecclesie
1427 1544 1752 1606 spectantibus
1789 1572 1798 1582 -
1838 1572 1848 1582 ·
1888 1572 1898 1582 ·
1933 1545 2054 1592 adeo
2077 1543 2223 1592 libere
2261 1572 2271 1580 ·
2310 1572 2319 1580 ·
2359 1572 2368 1581 ·
2406 1544 2454 1590 in

521 1632 736 1681 omnibus
776 1637 826 1680 et
865 1648 950 1695 per
989 1632 1146 1680 omnia
1189 1632 1312 1680 sicut
1353 1631 1509 1680 dictus
1547 1631 1863 1680 Archibaldus
1885 1637 1969 1680 aut
1993 1633 2350 1696 predecessores
2382 1633 2454 1680 sui

524 1749 533 1758 ·
574 1749 583 1757 ·
623 1749 632 1758 ·
670 1722 728 1768 de
770 1720 959 1769 domino
999 1724 1162 1768 nostro
1199 1736 1307 1781 rege
1350 1725 1460 1767 ante
1503 1721 1678 1767 dictam
1720 1720 2087 1782 resignacionem
2122 1721 2258 1769 nobis
2279 1721 2455 1768 factam

525 1838 533 1846 ·
573 1838 582 1846 ·
623 1838 632 1847 ·
669 1810 979 1872 possederunt
1016 1808 1248 1856 ffaciendo
1290 1809 1478 1856 domino
1519 1812 1682 1857 nostro
1723 1808 1820 1870 regi
1867 1813 1917 1856 et
1964 1808 2313 1857 successoribus
2358 1809 2457 1857 suis

523 1898 679 1946 dictus
707 1896 953 1945 Walterus
975 1896 1173 1944 heredes
1211 1896 1283 1944 sui
1325 1901 1374 1943 et
1411 1897 1637 1959 assignati
1663 1898 1720 1944 de
1745 1897 1886 1945 dictis
1908 1897 2049 1945 terris
2072 1901 2121 1945 et
2145 1898 2456 1946 aduocatione

521 1985 721 2034 ecclesie
762 1984 975 2048 predicte
1013 2000 1118 2031 cum
1161 1984 1462 2046 pertinentiis
1507 1983 1705 2032 seruitia
1751 1984 1913 2032 debita
1958 1988 2007 2033 et
2054 1989 2283 2033 consueta
2333 2014 2341 2022 ·
2395 1986 2454 2032 In

521 2074 654 2122 cuius
678 2074 745 2121 rei
768 2073 1091 2121 testimonium
1131 2073 1339 2135 presenti
1375 2076 1505 2120 carte
1529 2076 1689 2120 nostre
1714 2072 1917 2135 sigillum
1941 2073 2082 2121 officii
2105 2074 2254 2121 nostri
2283 2075 2456 2138 apponi

521 2162 816 2226 precepimus
861 2189 870 2198 ·
914 2161 1136 2208 Testibus
1183 2161 1441 2207 reuerendo
1498 2160 1545 2207 in
1593 2161 1749 2209 Cristo
1795 2165 1930 2224 patre
1978 2161 2195 2210 Gilberto
2235 2162 2456 2226 episcopo

524 2250 850 2298 Aberdonensi
875 2248 1157 2297 cancellario
1183 2249 1341 2297 Scotie
1366 2249 1610 2297 carissimo
1646 2248 1742 2296 filio
1779 2253 1942 2298 nostro
1964 2250 2184 2298 ‚Iohanne
2207 2251 2455 2300 senescalli

525 2339 712 2386 domino
738 2339 808 2387 ‚de
846 2337 1071 2385 Buchane
1107 2337 1318 2385 Patricio
1359 2337 1531 2385 comite
1574 2339 1632 2385 de
1674 2338 1953 2386 Stratherne
1993 2338 2215 2388 ‚Iohanne
2246 2339 2354 2389 Seri.
2397 2344 2456 2391 (le

523 2427 677 2475 Lorne
716 2426 934 2474 Waltero
971 2426 1078 2474 Sexi.
1115 2426 1174 2472 de
1212 2425 1464 2473 Ralistoun
1499 2425 1730 2474 militibus
1765 2427 2123 2490 consanguineis
2144 2430 2319 2480 nostris
2356 2432 2457 2480 Ro-

521 2515 656 2562 berto
681 2516 739 2562 de
764 2516 921 2562 Rooss
957 2518 1005 2562 et
1023 2574 1027 2579 .
1042 2514 1224 2562 Thoma
1248 2513 1478 2562 Brisbane
1502 2514 1687 2562 Thoma
1710 2515 1769 2562 de
1794 2514 2034 2564 Carnotho
2069 2521 2118 2565 et
2151 2518 2186 2565 J
2189 2518 2371 2567 ohanne
2397 2522 2455 2568 de

522 2604 697 2666 Spenss
735 2631 744 2641 ·
782 2604 923 2666 Apud
964 2602 1127 2650 Perthr
1152 2602 1375 2668 yieesimo
1415 2603 1621 2650 secundo
1662 2602 1738 2650 die
1774 2604 1948 2652 mensis
1994 2605 2286 2668 Septembris
2331 2625 2455 2658 anno

522 2692 715 2740 Domini
767 2690 1016 2739 millesimo
1063 2690 1524 2753 quadringentesimo
1569 2706 1693 2739 nono
1731 2719 1741 2728 ·
1779 2690 1846 2739 Et
1891 2692 2249 2754 gubernacionis
2293 2701 2453 2746 nostre

521 2797 644 2829 anno
668 2784 836 2843 quarto
874 2808 883 2816 ·

523 2981 894 3028 Instrumentum
921 2979 978 3025 de
1003 2994 1133 3026 moro
1158 2979 1216 3026 de
1242 2977 1477 3026 Fernwell
1496 2993 1642 3041 penes
1665 2979 1903 3026 dominum
1929 2980 1987 3027 de
2014 2981 2274 3044 Kynnarde
2299 2988 2390 3032 etc.

434 3140 499 3185 20
534 3102 612 3180 In
658 3133 751 3180 Dei
797 3133 984 3179 nomine
1037 3135 1189 3180 Amen
1240 3161 1249 3170 ·
1301 3133 1394 3180 Per
1439 3133 1529 3181 hoc
1575 3149 1769 3196 presens
1802 3134 2040 3197 publicum
2088 3137 2450 3190 instrumentum

523 3222 709 3270 cunctis
730 3225 895 3284 pateat
919 3221 1164 3268 euidenter
1187 3221 1313 3284 quod
1336 3237 1460 3269 anno
1485 3221 1690 3269 Domini*
1703 3221 1953 3272 millesimo
1988 3225 2450 3290 quadringentesimo

524 3311 706 3358 decimo
724 3309 898 3358 mensis
914 3308 947 3355 J
952 3308 1032 3371 ulij
1056 3309 1132 3357 die
1150 3310 1358 3358 secunda
1375 3309 1633 3358 indictione
1651 3309 1796 3358 tertia
1813 3311 2116 3374 pontificatus
2150 3342 2160 3351 ·
2201 3343 2209 3352 ·
2249 3343 2257 3352 -
2297 3316 2449 3366 Bene-
