2950 3970
524 629 598 684 98
690 627 1152 685 REGISTRUM
1190 631 1729 688 EPISCOPATUS
1769 632 2366 690 BRECHINENSIS.

527 821 579 864 to
617 845 626 855 ·
665 816 885 866 Testibus
938 819 1163 881 magistro
1211 820 1423 867 Roberto
1470 821 1529 867 de
1575 819 1845 868 Crannacht
1896 826 2089 870 cantore
2137 823 2446 870 Brechinensi

528 905 729 954 dominis
753 905 1026 955 Alexandro
1051 907 1229 955 Thome
1253 907 1428 954 vicario
1452 907 1510 955 de
1540 908 1817 956 Stracathro
1852 909 2067 972 Gawyno
2091 911 2268 958 Thome
2293 909 2447 974 capel-

526 993 635 1041 lano
658 998 707 1042 et
733 993 1006 1042 Alexandro
1031 995 1223 1044 Cristini
1249 995 1352 1042 ciue
1378 995 1681 1043 Brechinensi
1707 1011 1813 1043 cum
1838 996 2036 1046 diuersis
2058 998 2164 1047 aliis
2202 1027 2212 1036 ·

477 1190 505 1217 '¹‘
530 1192 917 1254 Transsumptum
938 1193 1133 1241 duarum
1157 1193 1387 1241 bullarum
1412 1195 1470 1241 de
1495 1193 1740 1257 priuilegio
1763 1194 2088 1259 episcoporum
2113 1197 2161 1244 in
2184 1201 2335 1245 morte
2373 1226 2383 1234 -

439 1343 503 1391 56
538 1315 615 1394 In
638 1346 826 1395 nomine
850 1346 1044 1394 Domini
1069 1348 1222 1395 Amen
1260 1375 1270 1385 ·
1309 1347 1556 1397 Uniuersis
1590 1353 1639 1397 et
1673 1348 1867 1412 singulis
1900 1365 2094 1412 presens
2121 1349 2359 1413 publicum
2383 1351 2451 1397 in-

528 1438 840 1483 strumentum
874 1434 976 1483 siue
1009 1438 1381 1499 transsumptum
1406 1437 1689 1500 inspecturis
1710 1438 1744 1485 J
1748 1438 1956 1487 ohannes
1980 1438 2074 1486 Dei
2109 1443 2159 1487 et
2193 1438 2452 1502 apostolice

528 1523 653 1571 sedis
673 1522 827 1585 gratia
850 1522 1098 1587 episcopus
1123 1524 1454 1574 Brechinensis
1476 1541 1533 1574 ac
1556 1530 1861 1574 conseruator
1878 1526 2236 1590 preuilegiorum
2255 1526 2452 1575 ecclesie

529 1611 778 1658 Scoticaue
817 1638 827 1648 ·
867 1611 933 1659 Et
972 1610 1006 1658 J
1010 1612 1219 1666 ohannes
1256 1613 1405 1662 Senes
1429 1615 1723 1662 decretorum
1765 1615 1931 1663 doctor
1970 1614 2275 1663 ecclesiarum
2317 1614 2454 1662 Glas-

527 1715 661 1762 guen.
686 1703 735 1747 et
759 1699 1056 1748 Aberdonen.
1082 1701 1336 1750 canonicus
1359 1717 1415 1750 ac
1439 1702 1649 1751 officialis
1677 1703 2015 1751 Sanctiandree
2037 1702 2320 1766 generaliter
2343 1718 2453 1750 con-

529 1787 725 1836 stitutus
773 1815 783 1825 ·
832 1786 1045 1836 Salutem
1090 1788 1138 1836 in
1186 1790 1375 1838 domino
1420 1794 1470 1838 et
1510 1791 1806 1853 presentibus
1850 1791 1989 1838 fidem
2035 1790 2273 1838 indubiam
2320 1791 2453 1838 adhi-

528 1876 640 1923 bere
678 1902 687 1913 ·
726 1875 967 1924 Noueritis
991 1876 1116 1939 quod
1143 1876 1450 1926 Reuerendus
1472 1877 1520 1925 in
1546 1877 1735 1926 Christo
1769 1881 1907 1940 pater
1938 1878 2184 1927 «Iohannes
2205 1879 2452 1942 episcopus

532 1962 846 2012 Morauiensis
890 1968 1166 2026 procurator
1212 1968 1261 2012 et
1307 1966 1630 2028 procuratorio
1675 1966 1862 2014 nomine
1908 1966 2194 2030 prelatorum
2242 1971 2291 2015 et
2337 1967 2450 2014 cleri

529 2052 677 2100 totius
701 2051 861 2100 Scotie
897 2053 955 2099 de
990 2052 1122 2100 cuius
1144 2054 1367 2101 mandato
1402 2054 1687 2102 sufficienter
1707 2054 1844 2103 nobis
1874 2055 2122 2104 constabat
2146 2055 2452 2119 quasquidem

530 2140 693 2189 literas
728 2139 1014 2203 apostolicas
1050 2156 1189 2188 unam
1227 2141 1310 2189 viz.
1350 2142 1526 2190 domini
1563 2144 1798 2206 quondam
1834 2143 2048 2206 Gregorii
2081 2144 2208 2207 Pape
2246 2171 2257 2181 ·
2295 2143 2453 2191 Aliam

532 2230 765 2292 quondam
806 2227 982 2276 domini
1021 2228 1220 2277 Martini
1259 2230 1388 2294 Pape
1429 2245 1681 2294 eorumque
1715 2232 1838 2279 veris
1870 2231 2011 2280 bullis
2049 2232 2281 2295 plumbeis
2325 2248 2454 2280 more

533 2318 746 2365 Romane
771 2317 911 2364 Curie
934 2317 1313 2380 impendentibus
1335 2317 1528 2367 bullatis
1550 2334 1708 2367 coram
1743 2319 1879 2367 nobis
1912 2320 2128 2368 exhibuit
2159 2321 2453 2383 presentauit

533 2410 582 2453 et
616 2404 908 2466 judicialiter
929 2405 1156 2468 produxit
1179 2409 1346 2468 petens
1371 2405 1613 2454 humiliter
1650 2422 1681 2454 a
1720 2406 1856 2455 nobis
1893 2411 1946 2455 ut
1981 2407 2246 2456 huiusmodi
2267 2407 2454 2457 litteras

533 2492 816 2556 apostolicas
838 2495 1091 2541 transsumi
1126 2497 1176 2541 et
1211 2493 1471 2557 exemplari
1495 2495 1718 2543 mandare
1742 2495 2039 2558 dignaremur
2061 2497 2122 2543 ad
2155 2496 2362 2545 futuram
2385 2498 2454 2545 rei

534 2581 806 2629 memoriam
833 2608 843 2619 ·
871 2608 882 2619 ·
909 2609 918 2619 ·
944 2581 1083 2628 Unde
1101 2596 1188 2630 nos
1203 2582 1238 2628 J
1241 2582 1448 2630 ohannes
1465 2582 1712 2646 episcopus
1731 2583 2063 2632 Brechinensis
2079 2599 2137 2631 ac
2153 2589 2457 2633 conseruator

540 2674 590 2717 et
612 2669 646 2716 J
650 2669 858 2717 ohannes
882 2669 1029 2717 Senes
1053 2668 1265 2717 officialis
1301 2696 1311 2706 ·
1351 2696 1361 2706 ·
1399 2694 1410 2707 ο
1445 2669 1710 2718 huiusmodi
1745 2670 1964 2733 petitioni
2001 2698 2012 2708 ·
2050 2699 2061 2708 ·
2100 2697 2110 2708 ·
2145 2677 2406 2721 annuentes
2443 2701 2453 2711 ·

539 2758 606 2806 Et
629 2757 739 2820 quia
761 2760 867 2820 post
892 2756 1163 2819 diligentem
1186 2757 1526 2820 inspectionem
1551 2758 1864 2821 comperimus
1885 2758 2148 2807 huiusmodi
2182 2758 2334 2809 bullas
2355 2762 2455 2809 fore

539 2861 678 2905 sanas
716 2872 725 2882 ·
764 2872 775 2882 ·
813 2872 823 2882 ·
859 2849 908 2892 et
948 2844 1212 2908 suspicione
1259 2850 1475 2894 carentes
1511 2873 1522 2883 ·
1559 2845 1746 2893 Idcirco
1784 2861 1870 2894 nos
1906 2874 1916 2883 ·
1955 2873 1966 2883 ·
2007 2873 2018 2883 ·
2052 2847 2261 2909 prefatas
2305 2848 2457 2897 bullas

540 2949 625 2997 per
641 2933 850 2981 notarios
867 2933 1157 2995 subscriptos
1173 2933 1427 2982 transsumi
1464 2959 1474 2970 ·
1512 2961 1523 2971 ·
1562 2960 1571 2971 ·
1602 2933 1828 2995 jussimus
1866 2961 1876 2971 ·
1915 2961 1926 2971 ·
1964 2961 1975 2971 ·
2011 2933 2185 2983 Citatis
2207 2935 2337 2998 prius
2359 2952 2457 2984 om-

542 3022 678 3070 nibus
714 3024 764 3068 et
801 3019 994 3082 singulis
1031 3036 1175 3083 penes
1212 3020 1365 3070 dictas
1400 3020 1553 3069 bullas
1585 3036 1671 3070 sua
1704 3021 1931 3070 interesse
1965 3023 2351 3084 pretendentibus
2371 3040 2457 3087 per

541 3111 706 3158 literas
726 3112 913 3157 nostras
947 3124 1064 3171 quas
1087 3109 1136 3156 in
1159 3108 1309 3158 valuis
1331 3108 1529 3158 ecclesie
1552 3107 1836 3171 parochialis
1858 3108 2022 3156 Sancti
2047 3108 2205 3172 Egidii
2228 3111 2287 3159 de
2311 3111 2458 3159 Edin-

542 3198 689 3261 burgh
712 3195 897 3260 publice
921 3196 1044 3259 affigi
1066 3196 1264 3245 fecimus
1286 3197 1347 3244 ad
1371 3197 1732 3260 comparendum
1759 3196 1904 3256 certis
1926 3197 2002 3244 die
2026 3201 2076 3246 et
2097 3197 2202 3246 loco
2225 3199 2458 3263 subscrip-

544 3287 608 3335 tis
640 3285 701 3333 ad
736 3283 983 3332 videndum
1009 3288 1057 3332 et
1080 3285 1363 3332 audiendum
1391 3284 1656 3333 huiusmodi
1679 3288 2048 3348 transsumptum
2073 3287 2260 3335 decerni
2289 3288 2362 3336 vel
2396 3290 2457 3336 ad
