2950 3970
490 598 599 654 142
664 600 1128 657 REGISTRUM
1166 599 1707 658 EPISCOPATUS
1745 600 2340 658 BRECHINENSIS.

490 787 679 851 suisque
726 789 978 853 assignatis
1016 818 1026 827 ·
1066 819 1075 827 ·
1115 818 1124 828 ·
1160 794 1291 839 totas
1331 794 1381 838 et
1427 790 1635 853 integras
1657 794 1812 839 terras
1834 805 1965 839 meas
1988 791 2046 838 de
2071 787 2342 853 Tempilhill
2366 788 2425 835 de

492 877 678 925 Kethik
695 878 836 940 juxta
863 879 1083 942 Brechyn
1108 895 1214 926 cum
1240 879 1454 927 domibus
1476 879 1615 927 toftis
1638 882 1687 927 et
1710 878 1878 927 croftis
1909 882 1959 927 et
1991 893 2154 927 eorum
2187 877 2427 942 pertinen-

490 966 572 1014 tiis
618 971 667 1014 et
714 983 820 1015 cum
866 969 1070 1031 quadam
1118 968 1255 1031 pecia
1299 972 1427 1015 terre
1475 967 1523 1015 in
1565 967 1786 1031 Dalgady
1831 981 1939 1014 cum
1984 965 2285 1030 pertinentiis
2331 965 2428 1013 suis

482 1054 701 1114 jacentes
741 1056 864 1104 infra
898 1056 1280 1104 vicecomitatum
1319 1057 1377 1104 de
1415 1056 1584 1104 Forfar
1620 1083 1631 1095 ·
1669 1055 1920 1105 Tenendas
1953 1059 2003 1103 et
2040 1055 2282 1103 habendas
2318 1083 2328 1092 ·
2368 1083 2378 1092 -
2418 1083 2427 1091 -

490 1144 842 1206 prenominatas
887 1148 1041 1192 terras
1086 1160 1193 1192 cum
1238 1144 1539 1208 pertinentiis
1589 1144 1719 1192 dicto
1763 1144 2024 1192 reuerendo
2067 1143 2194 1207 patri
2241 1143 2429 1206 suisque

489 1233 740 1295 assignatis
778 1262 787 1270 ·
827 1262 836 1272 ·
877 1262 886 1271 ·
923 1234 981 1281 de
1015 1234 1163 1281 fratre
1203 1233 1414 1282 Henrico
1449 1234 1508 1281 de
1545 1233 1866 1296 Lewynstoun
1901 1231 2052 1280 milite
2076 1231 2253 1280 ordinis
2275 1231 2429 1280 sancti

488 1322 522 1368 J
527 1322 724 1371 ohannis
746 1322 1136 1373 Jerosolomitani
1161 1323 1544 1370 commendatore
1567 1322 1863 1386 preceptorie
1887 1322 2094 1370 eiusdem
2114 1321 2429 1384 magistroque

491 1411 548 1458 de
585 1411 850 1474 Torfechyn
884 1411 1007 1459 infra
1041 1427 1233 1472 regnum
1269 1412 1430 1460 Scotie
1468 1415 1519 1460 et
1556 1412 1654 1460 suis
1693 1411 2042 1460 successoribus
2078 1438 2089 1448 ·
2129 1438 2139 1448 -
2178 1437 2189 1448 ·
2227 1410 2428 1458 dominis

491 1500 809 1563 superioribus
834 1500 1067 1548 dictarum
1095 1505 1329 1548 terrarum
1352 1516 1458 1548 cum
1482 1499 1784 1564 pertinentiis
1821 1499 1870 1546 in
1905 1500 2046 1547 feodo
2079 1502 2129 1547 et
2163 1499 2429 1546 hereditate

491 1589 834 1652 imperpetuum
879 1605 964 1653 per
1005 1605 1167 1638 omnes
1208 1593 1365 1638 rectas
1406 1593 1560 1638 metas
1597 1618 1607 1627 ·
1647 1617 1656 1626 -
1697 1617 1707 1629 ·
1735 1589 1844 1651 jure
1879 1588 2166 1637 hereditario
2201 1588 2431 1652 imperpe-

490 1682 623 1726 tuum
664 1706 674 1716 ·
713 1678 977 1726 Reddendo
1012 1679 1121 1726 inde
1156 1678 1401 1726 annuatim
1427 1679 1583 1727 dictus
1605 1678 1892 1726 reuerendus
1926 1681 2065 1741 pater
2098 1677 2263 1741 suique
2285 1677 2431 1739 assig-

491 1767 594 1815 nati
632 1795 642 1805 ·
682 1795 692 1805 ·
732 1795 742 1805 ·
778 1767 964 1830 prefato
986 1767 1219 1830 Magistro
1243 1769 1302 1814 de
1327 1766 1595 1829 Torfechyn
1634 1794 1643 1803 ·
1683 1794 1693 1803 ·
1733 1794 1742 1803 ·
1780 1769 1829 1814 et
1852 1766 1950 1815 suis
1974 1766 2320 1814 successoribus
2343 1781 2430 1814 sex

492 1855 670 1904 solidos
694 1859 743 1903 et
768 1859 878 1903 octo
898 1855 1116 1903 denarios
1139 1855 1316 1904 usualis
1339 1860 1529 1903 monete
1554 1855 1714 1903 Scotie
1738 1855 1799 1902 ad
1822 1855 1996 1902 festum
2019 1855 2173 1903 sancti
2195 1854 2230 1901 J
2233 1855 2431 1903 ohannis

493 1944 700 2008 baptiste
722 1959 828 1991 cum
844 1959 938 1991 una
956 1948 1088 1992 secta
1106 1943 1316 2007 quolibet
1334 1959 1458 1991 anno
1476 1944 1537 1991 ad
1556 1943 1734 1990 curiam
1754 1942 1870 1990 dicti
1887 1943 2040 1991 sancti
2057 1943 2294 1992 Johannis
2308 1943 2430 1990 infra

494 2033 874 2081 vicecomitatum
910 2033 968 2080 de
1005 2033 1175 2081 Forfar
1207 2033 1463 2080 tenendum
1497 2035 1687 2079 tantum
1722 2047 1808 2094 pro
1843 2032 2060 2080 omnibus
2091 2032 2312 2081 oneribus
2334 2048 2431 2080 ser-

493 2121 629 2170 uiciis
666 2150 676 2158 ·
716 2150 726 2158 ·
766 2150 775 2159 ·
814 2121 880 2168 Et
915 2136 1002 2184 ego
1036 2137 1148 2169 vero
1182 2121 1395 2184 prefatus
1420 2120 1579 2168 Dauid
1615 2124 1664 2168 et
1700 2121 1898 2169 heredes
1921 2120 2015 2168 mei
2052 2148 2062 2158 ·
2103 2149 2113 2158 -
2152 2149 2162 2158 ·
2198 2122 2430 2184 prenomi-

492 2215 630 2259 natas
652 2214 806 2259 terras
844 2238 853 2248 ·
893 2238 902 2247 ·
942 2238 951 2247 ·
988 2210 1173 2273 prefato
1192 2210 1451 2257 reuerendo
1469 2208 1596 2272 patri
1619 2209 1809 2272 suisque
1831 2208 2083 2272 assignatis
2120 2237 2130 2246 ·
2169 2237 2179 2247 ·
2218 2238 2228 2247 ·
2265 2226 2428 2258 varan-

492 2298 741 2347 tizabimus
777 2326 786 2336 ·
827 2326 836 2336 ·
877 2327 886 2336 ·
923 2299 984 2345 In
1020 2298 1153 2346 cuius
1189 2297 1258 2345 rei
1291 2297 1615 2345 testimonium
1649 2297 1851 2360 sigillum
1888 2313 2041 2345 meum
2077 2298 2186 2346 huic
2221 2299 2428 2362 presenti

493 2391 623 2435 carte
665 2403 768 2435 mee
810 2390 883 2435 est
923 2402 1182 2450 appensum
1223 2386 1347 2449 apud
1391 2385 1626 2433 Brechine
1669 2386 1852 2434 decimo
1893 2386 2096 2450 septimo
2138 2388 2214 2436 die
2254 2389 2429 2437 mensis

495 2475 697 2538 Augusti
720 2490 843 2523 anno
868 2474 1067 2522 Domini
1091 2473 1340 2522 millesimo
1364 2474 1822 2537 quadringentesimo
1846 2475 2230 2539 quinquagesimo
2268 2505 2278 2514 ·

441 2691 470 2718 *-
496 2674 800 2722 Confirmatio
825 2678 955 2722 carte
982 2673 1141 2721 Dauid
1166 2673 1423 2736 Dempster
1460 2675 1518 2721 de
1555 2673 1850 2722 Ouchtirless
1885 2675 1944 2722 de
1974 2677 2116 2723 terris
2140 2677 2198 2722 de
2224 2675 2429 2739 Tempil-

493 2763 579 2810 hill
595 2763 738 2825 juxta
764 2763 950 2810 Kethik
987 2791 997 2800 ·

404 2910 462 2958 71
504 2886 774 2966 Omnibus
807 2919 930 2966 hanc
966 2922 1147 2966 cartam
1183 2917 1352 2966 visuris
1387 2916 1461 2964 vel
1495 2916 1728 2965 audituris
1765 2917 1937 2966 Frater
1971 2918 2209 2968 Henricus
2242 2920 2299 2966 de
2337 2920 2427 2968 Le-

491 3010 742 3069 wynstoun
782 3005 917 3054 miles
957 3005 1135 3054 ordinis
1174 3005 1328 3054 sancti
1349 3005 1384 3052 J
1387 3004 1585 3053 ohannis
1623 3005 1658 3051 J
1662 3004 2013 3054 erosolomitani
2058 3006 2427 3056 Commendator

492 3094 785 3158 preceptorie
809 3094 1018 3142 eiusdem
1045 3094 1276 3157 Magister
1294 3094 1352 3141 de
1370 3093 1636 3156 Torfechyn
1655 3093 1778 3141 infra
1800 3110 1991 3156 regnum
2017 3095 2178 3143 Scotie
2202 3095 2249 3142 in
2269 3097 2425 3160 capite

492 3187 541 3230 et
566 3183 614 3230 in
637 3183 859 3230 membris
881 3187 980 3230 tam
1005 3183 1052 3229 in
1088 3182 1411 3246 spiritualibus
1436 3197 1574 3246 quam
1599 3181 1647 3229 in
1670 3182 2007 3246 temporalibus
2031 3183 2228 3231 ubilibet
2253 3185 2427 3233 consti-

491 3278 624 3320 tutus
647 3271 847 3320 salutem
873 3271 919 3318 in
944 3271 1148 3319 omnium
1169 3271 1405 3319 saluatore
1445 3299 1454 3308 ·
1492 3271 1668 3319 Sciatis
1690 3286 1776 3319 nos
1794 3272 2044 3334 quamdam
2062 3276 2242 3319 cartam
2262 3271 2422 3320 dilecti
