2950 3970
589 648 1052 705 REGISTRUM
1090 651 1626 711 EPISOOPATUS
1667 657 2256 721 BREGHINENSIS.
2310 669 2414 723 135

483 836 745 900 supradicti
769 838 946 886 domini
971 839 1180 904 episcopi
1204 843 1630 906 sequestrationem
1654 845 1894 909 infregisse
1919 851 1969 896 et
1993 849 2190 900 violasse
2217 852 2408 901 Necnon

483 926 741 974 secundum
764 927 977 975 ordinem
1011 932 1189 977 statum
1224 934 1273 979 et
1308 932 1498 980 modum
1522 948 1663 997 super
1685 935 1849 983 ordine
1887 939 1936 984 et
1977 938 2223 1000 prioritate
2264 941 2411 1004 digni-

481 1018 637 1063 tatum
661 1018 711 1063 et
734 1016 1065 1064 canonicorum
1089 1017 1211 1067 infra
1233 1019 1425 1068 chorum
1450 1020 1647 1070 ecclesie
1665 1022 1949 1073 cathedralis
1975 1025 2304 1076 Brechinensis
2326 1045 2410 1092 per

481 1104 798 1168 subscriptum
823 1105 1064 1153 dominum
1098 1107 1368 1172 episcopum
1403 1110 1631 1158 decanum
1666 1114 1716 1159 et
1750 1111 2007 1174 capitulum
2044 1114 2406 1164 Brechinensem

483 1192 681 1241 ecclesie
704 1192 916 1256 predicte
941 1193 1060 1242 alias
1083 1198 1314 1244 statutum
1340 1200 1389 1245 et
1414 1198 1682 1246 ordinatum
1718 1203 1768 1248 et
1802 1204 1855 1248 ut
1870 1200 2015 1263 juxta
2047 1203 2276 1265 producta
2299 1219 2406 1251 con-

481 1281 691 1346 cepimus
722 1282 828 1331 usui
862 1282 910 1330 in
946 1283 1075 1331 dicta
1109 1283 1309 1334 ecclesia
1344 1285 1650 1335 Brechinensi
1684 1290 1734 1335 et
1767 1286 1874 1337 aliis
1906 1288 2071 1338 vicinis
2094 1290 2223 1353 regni
2247 1290 2405 1340 Scotie

481 1371 835 1420 cathedralibus
868 1371 1082 1421 ecclesiis
1104 1372 1393 1422 secularibus
1420 1373 1670 1423 obseruato
1694 1390 1947 1424 consonum
1972 1377 2263 1427 decernimus
2284 1379 2406 1427 arbi-

478 1460 668 1510 traliter
682 1461 1026 1509 obseruandum
1047 1462 1197 1510 donec
1215 1465 1264 1510 et
1279 1478 1519 1526 quousque
1537 1462 1804 1526 oppositum
1822 1479 1907 1526 per
1923 1464 2299 1514 archidiaconum
2325 1468 2402 1530 qui

478 1565 565 1615 pro
587 1553 800 1613 tempore
817 1549 962 1598 fuerit
984 1549 1193 1613 legitime
1219 1550 1436 1599 extiterit
1461 1551 1813 1614 comprobatum
1852 1579 1862 1589 ·
1898 1552 2024 1600 Item
2044 1554 2102 1600 de
2121 1554 2249 1602 dicta
2266 1553 2404 1602 litera

477 1639 690 1703 prefatus
724 1639 1012 1687 reuerendus
1044 1642 1182 1702 pater
1214 1638 1461 1688 «Iohannes
1494 1639 1740 1702 episcopus
1775 1641 2023 1690 modernus
2056 1640 2226 1704 petiuit
2249 1645 2402 1690 trans-

477 1731 715 1792 sumptum
741 1727 831 1776 sibi
855 1727 958 1774 dari
982 1727 1067 1776 sub
1091 1726 1246 1789 sigillo
1268 1726 1548 1776 officialatus
1567 1731 1616 1775 et
1634 1742 1776 1774 manu
1794 1727 1968 1775 notarii
1987 1728 2110 1791 quod
2134 1743 2399 1777 concessum

475 1821 550 1866 est
584 1832 669 1880 per
701 1832 789 1865 nos
822 1816 858 1863 J
861 1816 1094 1864 ohannem
1119 1814 1352 1863 Willelmi
1390 1814 1669 1878 Magistrum
1694 1815 1743 1862 in
1766 1815 1946 1864 artibus
1969 1818 2017 1862 et
2041 1815 2327 1863 bacularium
2352 1816 2398 1862 in

476 1906 681 1955 decretis
704 1921 761 1954 ac
785 1903 1032 1954 officialem
1058 1903 1256 1953 ecclesie
1281 1907 1330 1951 et
1348 1903 1557 1967 episcopi
1577 1903 1907 1951 Brechinensis
1930 1903 1977 1950 in
1998 1918 2274 1966 pergameno
2293 1919 2394 1950 cum

474 1995 629 2059 sigillo
644 1994 926 2043 officialatus
942 1993 1179 2057 pendente
1203 1992 1251 2039 in
1275 2007 1384 2039 cera
1406 1991 1552 2039 rubea
1569 1990 1675 2038 albe
1694 1990 1920 2054 impressa
1955 2018 1965 2028 ·
2003 1990 2068 2038 Et
2091 1991 2176 2038 sub
2200 1991 2330 2052 signo
2349 1996 2396 2037 et

474 2100 616 2145 manu
634 2084 668 2131 J
672 2083 871 2132 ohannis
895 2080 1026 2144 Ydyl
1049 2079 1226 2144 publici
1247 2079 1420 2128 notarii
1445 2079 1503 2126 de
1527 2077 2016 2126 annoIncarnationis
2033 2076 2278 2126 Dominice
2298 2079 2398 2124 mil-

472 2173 638 2222 lesimo
673 2169 1134 2236 quadringentesimo
1169 2167 1408 2216 tricesimo
1443 2166 1607 2230 quinto
1630 2165 1803 2214 mensis
1827 2181 1934 2213 vero
1957 2165 1991 2211 J
1994 2165 2174 2212 anuarii
2210 2165 2284 2213 die
2320 2167 2399 2212 de-

473 2262 597 2309 cima
630 2261 757 2326 quod
789 2261 1169 2322 transsumptum
1197 2255 1455 2320 perlectum
1492 2258 1565 2302 est
1600 2252 1785 2317 publice
1820 2253 1868 2300 in
1901 2253 2081 2314 judicio
2120 2257 2168 2301 et
2210 2254 2256 2299 in
2293 2269 2397 2316 pre-

471 2351 627 2402 sentia
659 2348 951 2397 notariorum
986 2345 1354 2408 subscriptorum
1390 2359 1494 2391 cum
1519 2341 1626 2390 aliis
1646 2341 1798 2390 literis
1832 2341 2107 2404 subscriptis
2142 2368 2152 2378 ·
2189 2340 2314 2388 Item
2349 2341 2395 2387 in

473 2439 652 2488 ultimis
674 2437 870 2487 statutis
892 2435 1036 2485 factis
1069 2450 1099 2482 a
1131 2435 1164 2481 J
1169 2433 1352 2482 ohanne
1387 2431 1607 2495 episcopo
1630 2430 1853 2478 moderno
1878 2427 2181 2476 Brechinensi
2216 2428 2392 2475 decano

470 2529 695 2592 magistro
727 2526 950 2575 «Iohanne
976 2523 1221 2587 Lychtone
1256 2524 1305 2569 et
1339 2519 1445 2568 aliis
1467 2517 1704 2566 canonicis
1743 2517 1791 2564 in
1831 2517 1971 2565 dictis
1992 2515 2184 2565 statutis
2207 2516 2394 2578 scriptis

471 2620 529 2667 de
553 2633 677 2666 anno
702 2614 897 2665 Domini
919 2611 1168 2661 millesimo
1193 2607 1646 2673 quadringentesimo
1670 2604 2020 2669 quadragesimo
2052 2607 2220 2651 octauo
2244 2607 2292 2650 et
2317 2603 2391 2649 die

469 2707 779 2756 decimanona
814 2701 1016 2766 Augusti
1041 2700 1088 2747 in
1112 2697 1266 2747 rotulo
1300 2695 1511 2759 sigillato,
1541 2693 1703 2756 sigillis
1736 2691 1987 2740 autenticis
2010 2690 2124 2739 dicti
2148 2691 2389 2738 reuerendi

467 2795 618 2860 patris
639 2795 674 2842 J
677 2792 875 2843 ohannis
909 2788 1117 2854 episcopi
1141 2790 1190 2835 et
1226 2784 1377 2849 sigillo
1413 2781 1646 2832 communi
1682 2780 1991 2844 pendentibus
2025 2779 2072 2826 in
2107 2794 2215 2826 cera
2246 2779 2389 2825 rubea

466 2884 574 2932 albe
611 2883 843 2946 impressa
873 2879 1057 2941 signato
1091 2874 1305 2924 manibus
1327 2871 1612 2920 notariorum
1637 2867 1897 2916 Alexandri
1932 2867 2108 2915 Thome
2142 2866 2387 2929 presbiteri

469 2969 803 3021 Brechinensis
826 2965 1040 3016 dioecesis
1063 2967 1112 3012 et
1135 2963 1169 3010 J
1173 2960 1370 3012 ohannis
1389 2957 1523 3022 Steyl
1553 2955 1799 3021 presbiteri
1823 2953 2172 3002 Dunkeldensis
2195 2954 2385 3002 dioeces-

467 3063 508 3110 is
542 3062 590 3108 in
630 3058 837 3108 secundo
876 3052 1078 3104 articulo
1111 3049 1379 3100 continetur
1412 3050 1465 3094 ut
1499 3044 1709 3108 sequitur
1743 3069 1754 3082 ·
1791 3043 2020 3090 SECUNDO
2060 3040 2384 3106 concluserunt

467 3151 737 3200 statuerunt
775 3149 825 3194 et
862 3143 1194 3193 confirmarunt
1231 3135 1388 3185 omnia
1422 3136 1606 3183 statuta
1642 3133 1866 3180 contenta
1901 3130 1948 3176 in
1990 3130 2186 3192 quodam
2231 3128 2383 3176 rotulo

466 3235 735 3303 pergameni
757 3217 859 3283 tam
883 3231 933 3279 in
958 3231 1128 3279 dextro
1151 3226 1300 3274 latere
1325 3238 1465 3287 quam
1489 3221 1536 3267 in
1562 3221 1700 3267 dorso
1735 3216 1942 3280 sigillato
1966 3216 2118 3279 sigillo
2142 3217 2381 3264 reuerendi
2409 3206 2412 3208 ¹

464 3326 615 3390 patris
639 3322 814 3373 domini
841 3317 1045 3367 Walteri
1071 3317 1295 3363 Forestar
1317 3310 1548 3374 quondam
1575 3307 1781 3370 episcopi
1808 3305 2136 3353 Brechinensis
2169 3303 2381 3353 ultimate
