2950 3970
621 642 1082 704 REGISTRUM
1119 651 1653 712 EPISCOPATUS
1693 658 2274 718 BRECHINENSIS.
2341 665 2446 719 165

516 846 704 880 nouena
726 833 796 881 vel
838 835 1022 884 eocirca
1057 842 1168 887 ante
1192 842 1433 890 meridiem
1488 873 1497 882 ·
1552 873 1562 882 ·
1614 874 1623 883 -
1675 847 1975 896 Presentibus
2007 849 2178 896 ibidem
2201 850 2434 900 nobilibus

515 923 564 967 et
586 921 874 972 notabilibus
908 925 1020 975 viris
1057 928 1141 974 viz.
1166 928 1364 978 Valtero
1403 931 1627 996 Lyndsay
1664 934 1722 981 de
1761 934 2154 997 Kynblathmont,
2189 937 2433 987 Willelmo

516 1008 886 1074 Ouchterlowny
925 1014 983 1061 de
1025 1014 1183 1079 Kelly,
1223 1017 1431 1066 Henrieo
1470 1022 1528 1067 de
1567 1021 1812 1071 Wardlaw
1846 1021 1941 1070 filio
1976 1027 2025 1071 et
2059 1023 2230 1072 herede
2256 1026 2429 1073 domini

515 1096 574 1144 de
611 1096 774 1160 Torry,
815 1098 977 1147 Dauid
1015 1103 1218 1151 Annand
1250 1106 1308 1152 de
1335 1107 1667 1171 Kynquherye‚
1696 1109 1926 1173 Magistro
1949 1111 1983 1157 J
1987 1112 2170 1159 ohanne
2198 1112 2425 1160 Willelmi

515 1185 704 1234 officiali
741 1187 1047 1239 Brechinensi
1083 1182 1134 1239 et
1169 1192 1409 1242 Willelmo
1434 1196 1598 1259 Nudry
1629 1213 1735 1244 cum
1771 1198 1929 1246 multIs
1952 1198 2057 1247 aliis
2079 1200 2280 1248 testibus
2319 1227 2327 1237 -
2368 1229 2377 1237 ·
2416 1229 2425 1237 ·

515 1273 582 1321 Et
604 1290 691 1337 ego
715 1275 874 1323 Dauid
900 1277 1095 1327 Andree
1120 1281 1351 1343 presbiter
1375 1284 1708 1334 Breohinensis
1745 1314 1754 1322 ·
1794 1313 1803 1322 ·
1842 1314 1851 1323 ·
1887 1287 2169 1334 auctoritate
2194 1287 2422 1350 imperiali

513 1363 725 1412 notarius
762 1392 771 1402 ·
810 1392 819 1401 ·
861 1394 870 1403 ·

515 1561 660 1611 Carta
695 1564 985 1616 fundationis
1010 1567 1252 1631 Capellani
1289 1572 1348 1618 ad
1388 1570 1538 1619 altare
1577 1572 1722 1620 Sante
1761 1572 1924 1621 Crucis
1959 1573 2079 1620 infra
2102 1572 2415 1621 cathedralem

513 1650 762 1701 ecclesiam
788 1654 1156 1705 Breohinensem
1194 1685 1204 1695 ·

422 1798 484 1846 81
524 1766 795 1856 Omnibus
818 1808 942 1856 hanc
965 1813 1146 1857 cartam
1170 1809 1339 1859 visuris
1373 1810 1446 1859 vel
1482 1811 1711 1860 audituris
1745 1813 1779 1860 J
1783 1813 1989 1861 ohannes
2025 1840 2035 1850 ·
2073 1841 2083 1850 ·
2122 1841 2131 1849 ·
2170 1813 2428 1876 Episcopus

512 1894 846 1944 Breohinensis
884 1923 893 1933 ·
933 1923 943 1934 ·
983 1926 992 1934 ·
1030 1897 1148 1945 Cum
1171 1898 1296 1962 pium
1321 1899 1384 1947 sit
1407 1904 1456 1948 et
1482 1900 1770 1948 meritorium
1794 1901 1918 1948 omni
1943 1901 2178 1950 Cristiano
2197 1905 2422 1964 quantum

508 1981 730 2044 possibile
754 1983 896 2030 fuerit
930 2000 1016 2047 pro
1052 1985 1224 2034 affectu
1263 1985 1471 2033 diuinum
1508 1987 1755 2035 seruieium
1781 1988 1938 2036 debite
1970 1989 2259 2051 augmentari
2298 1986 2422 2033 Hinc

509 2074 582 2118 est
606 2072 730 2134 quod
756 2086 862 2119 cum
885 2088 971 2120 nos
994 2089 1056 2121 ex
1080 2077 1243 2122 nostra
1266 2074 1498 2123 industria
1519 2075 1929 2138 acquisiuissemus
1951 2079 2000 2123 et
2023 2075 2344 2124 habuissemus
2365 2090 2422 2121 ac

506 2174 592 2221 pro
628 2160 837 2222 presenti
873 2160 1099 2209 habemus
1137 2163 1385 2225 quamdam
1420 2162 1576 2210 villam
1617 2162 1909 2225 templariam
1956 2163 2207 2225 vulgariter
2250 2177 2423 2209 nuncu-

504 2250 666 2310 patam
689 2247 734 2295 le
758 2248 1027 2311 Tempilhill
1046 2250 1269 2297 situatam
1289 2265 1435 2312 prope
1455 2250 1686 2297 Breohine
1705 2254 1754 2297 et
1772 2250 1914 2311 juxta
1938 2250 2119 2298 Kethik
2146 2250 2289 2298 Cuius
2313 2248 2420 2297 ville

506 2336 795 2384 inabitantes
831 2336 1043 2384 volumus
1080 2341 1129 2384 et
1167 2337 1434 2385 ordinamus
1480 2338 1603 2400 quod
1650 2337 1853 2384 habeant
1897 2340 2090 2384 teneant
2135 2341 2184 2384 et
2228 2341 2424 2400 pascant

505 2423 726 2472 animalia
751 2440 836 2472 sua
859 2425 907 2471 in
931 2425 1252 2473 communibus
1276 2426 1334 2472 de
1359 2425 1591 2472 Breohine
1628 2429 1677 2472 et
1713 2425 1896 2473 Kethik
1919 2429 1967 2472 et
1993 2425 2040 2472 in
2064 2440 2193 2472 mora
2216 2425 2422 2472 eiusdem

506 2516 554 2559 et
579 2512 625 2559 in
650 2512 826 2560 eisdem
850 2512 1022 2560 focalia
1044 2528 1129 2561 sua
1152 2513 1470 2576 competentia
1500 2516 1684 2560 sumant
1720 2513 1904 2575 quando
1941 2512 2148 2575 indigent
2185 2527 2241 2559 ac
2278 2512 2421 2560 etiam

506 2601 553 2647 in
579 2600 708 2648 dicta
730 2599 841 2647 villa
864 2601 922 2647 de
949 2601 1132 2648 Kethik
1156 2604 1334 2648 certam
1359 2601 1545 2647 domum
1569 2599 1862 2662 templariam
1895 2599 2120 2647 habemus
2155 2614 2260 2647 cum
2296 2599 2421 2648 tofta

506 2694 555 2737 et
578 2689 731 2736 crofta
754 2689 1103 2737 continentibus
1127 2689 1242 2736 duas
1264 2704 1399 2736 acras
1423 2692 1548 2735 terre
1572 2687 1762 2735 arabilis
1786 2686 1859 2734 vel
1883 2687 2065 2735 eocirea
2100 2687 2415 2751 Quasquidem

512 2779 630 2826 duas
650 2794 785 2826 acras
807 2782 932 2826 terre
957 2777 1187 2826 husbandi
1224 2778 1282 2824 de
1322 2776 1504 2824 Kethik
1527 2792 1612 2839 pro
1634 2780 1844 2838 tempore
1879 2779 2121 2824 manentes
2143 2775 2287 2823 semel
2310 2792 2423 2839 quo-

503 2866 621 2914 libet
644 2882 768 2914 anno
804 2870 1016 2929 tempore
1054 2879 1256 2927 congruo
1293 2863 1578 2911 sufficienter
1614 2867 1663 2910 et
1702 2862 1860 2910 debite
1897 2863 2100 2910 arabunt
2137 2861 2211 2910 vel
2247 2863 2422 2911 facient

503 2954 625 3002 arari
662 2980 673 2993 ·
711 2955 777 3002 Et
800 2954 890 3001 hoc
913 2953 953 3002 si
976 2968 1094 3016 opus
1115 2952 1256 2999 fuerit
1279 2967 1363 3015 per
1386 2950 1607 2998 balliuum
1630 2950 1705 2998 vel
1729 2950 2035 3012 sergeandum
2058 2950 2263 3014 episcopi
2297 2965 2422 2998 com-

506 3040 746 3104 pellantur
782 3069 792 3079 ·
829 3041 1110 3089 Inhabitans
1127 3040 1269 3087 etiam
1288 3039 1463 3087 dictam
1487 3039 1673 3086 domum
1693 3038 1884 3088 habebit
1901 3036 2122 3085 animalia
2137 3052 2224 3086 sua
2243 3036 2423 3086 scilicet

505 3131 622 3177 duas
647 3144 815 3178 vaccas
837 3143 943 3177 cum
967 3132 1191 3192 quattuor
1215 3126 1479 3189 junioribus
1517 3141 1622 3173 cum
1658 3124 1938 3172 animalibus
1976 3124 2183 3172 eiusdem
2221 3123 2328 3172 ville
2366 3125 2423 3171 de

507 3217 693 3265 Kethik
731 3245 741 3254 ·
779 3217 845 3264 Et
869 3217 917 3264 in
941 3220 1095 3265 estate
1119 3216 1292 3263 cubent
1314 3229 1419 3262 cum
1442 3212 1720 3261 animalibus
1746 3212 2090 3260 husbandorum
2115 3215 2163 3259 et
2186 3211 2235 3259 in
2257 3211 2422 3274 hyeme

505 3305 584 3353 ubi
619 3303 882 3368 placuerint
919 3332 929 3343 ·
969 3304 1228 3360 Quamdam
1251 3306 1466 3366 preterea
1489 3301 1668 3365 peciam
1693 3304 1817 3348 terre
1841 3299 1984 3347 etiam
2011 3298 2129 3347 alias
2152 3299 2268 3347 duas
2290 3313 2422 3346 acras
