2950 3970
479 662 588 716 122
661 663 1127 720 REGISTRUM
1164 665 1705 721 EPISCOPATUS
1746 666 2339 721 BRECHINENSIS.

477 852 740 913 gentesimo
773 853 1141 902 tricesimonono
1177 859 1227 902 et
1261 855 1437 903 mensis
1470 855 1503 901 J
1508 855 1605 902 unii
1641 855 1717 902 die
1754 855 1938 902 decima
1960 855 2111 903 tercia
2134 855 2192 902 de
2218 854 2414 918 requisi-

479 941 613 988 cione
638 942 918 990 venerabilis
955 942 1042 990 viri
1082 943 1303 1006 Magistri
1325 943 1360 990 J
1363 943 1563 991 ohannis
1597 943 1847 1006 Lychtoun
1878 943 1994 991 dicti
2019 943 2186 992 decani
2223 946 2272 992 et
2306 958 2414 1007 pro-

477 1030 710 1079 curatoris
733 1031 992 1080 communis
1010 1031 1207 1095 capituli
1226 1031 1561 1080 Brechinensis
1585 1032 1709 1096 quod
1734 1032 1913 1079 faceret
1931 1031 2051 1080 solui
2076 1047 2282 1080 summas
2304 1036 2413 1080 tax-

475 1122 583 1166 atas
607 1118 676 1166 sic
700 1120 823 1182 quod
848 1136 933 1182 per
956 1137 1062 1168 eum
1086 1136 1180 1168 non
1204 1124 1355 1169 staret
1380 1121 1494 1184 quin
1518 1120 1815 1168 soluerentur
1849 1124 1899 1168 et
1934 1121 2190 1168 secundum
2212 1120 2410 1168 formam

476 1207 647 1254 statuti
684 1207 799 1255 dicti
825 1208 1035 1272 Capituli
1072 1237 1083 1247 ·
1121 1209 1259 1264 Quod
1282 1209 1646 1258 instrumentum
1669 1209 1904 1272 signatum
1929 1213 2002 1257 est
2025 1224 2109 1272 per
2132 1207 2410 1257 Findelaum

478 1295 736 1359 Dempster
766 1296 987 1345 clericum
1012 1298 1366 1348 Dunkeldensis
1390 1299 1605 1348 dioecesis
1638 1298 1876 1362 publicum
1913 1298 2176 1362 apostolica
2207 1298 2414 1346 auctori-

474 1388 576 1431 tate
600 1385 834 1433 notarium
875 1414 884 1424 ·
923 1387 989 1435 Et
1024 1387 1276 1451 requisicio
1299 1387 1429 1437 facta
1453 1388 1545 1437 fuit
1581 1404 1642 1436 ex
1676 1391 1813 1452 parte
1849 1388 1966 1436 dicti
1990 1387 2236 1436 reuerendi
2261 1387 2411 1450 patris

475 1489 560 1535 per
585 1475 897 1523 venerabilem
922 1476 1071 1523 virum
1092 1476 1376 1539 Magistrum
1394 1477 1428 1524 ‚J
1433 1477 1665 1525 ohannem
1691 1476 1924 1524 Willelmi
1948 1476 2174 1524 vicarium
2197 1476 2412 1540 parochi-

471 1562 561 1610 alis
585 1562 783 1611 ecclesie
811 1565 869 1611 de
895 1565 1108 1628 Moneky
1126 1581 1183 1614 ac
1203 1565 1449 1613 officialem
1473 1550 1740 1631 generalem
1772 1565 2144 1614 Brechinensem
2181 1592 2193 1603 ·
2231 1564 2411 1621 Quibus

472 1651 688 1699 totaliter
709 1652 932 1715 perlectis
955 1653 1167 1716 prefatus
1190 1655 1477 1703 reuerendus
1507 1660 1646 1718 pater
1679 1654 1862 1702 monuit
1887 1658 1936 1702 et
1959 1654 2205 1718 requisivit
2229 1654 2408 1704 dictum

471 1742 701 1788 decanum
725 1745 1074 1805 procuratorem
1098 1759 1391 1791 communem
1427 1747 1662 1807 quatenus
1697 1743 1991 1806 diligenciam
2028 1744 2208 1791 faceret
2242 1743 2301 1791 de
2336 1759 2411 1792 so-

470 1829 656 1878 lucione
693 1846 979 1879 summarum
1017 1835 1344 1880 contentarum
1383 1832 1432 1880 in
1470 1833 1601 1880 dicta
1638 1831 1768 1880 bulla
1805 1849 1866 1880 ex
1902 1832 2158 1880 taxacione
2199 1833 2408 1896 episcopi

470 1919 634 1965 decani
670 1922 719 1966 et
754 1918 952 1967 aliorum
988 1919 1319 1968 canonicorum
1356 1936 1442 1984 pro
1480 1921 1784 1983 reparacione
1823 1936 2078 1984 capparum
2120 1921 2251 1969 chori
2294 1921 2409 1969 Bre-

469 2007 708 2056 chinensis
745 2035 755 2045 ·
791 2011 840 2055 et
887 2007 1034 2056 talem
1083 2008 1383 2072 diligenciam
1430 2010 1611 2057 faceret
1659 2010 1784 2073 quod
1831 2026 1916 2073 per
1961 2026 2066 2057 eum
2114 2025 2208 2058 non
2257 2013 2407 2059 staret

471 2096 718 2159 quominus
753 2097 879 2145 dicte
913 2113 1093 2146 summe
1117 2097 1413 2146 soluerentur
1447 2099 1704 2146 secundum
1738 2102 1953 2146 tenorem
1989 2098 2116 2146 bulle
2151 2102 2202 2147 et
2235 2100 2406 2148 statuti

468 2186 515 2232 in
542 2186 671 2234 dicta
693 2185 822 2234 bulla
846 2187 904 2234 de
927 2185 1067 2249 longo
1089 2186 1255 2234 inserti
1293 2215 1304 2224 ·
1342 2187 1659 2234 protestando
1694 2188 1820 2250 quod
1843 2192 2122 2250 procurator
2147 2188 2406 2236 communis

470 2274 665 2339 capituli
702 2275 1039 2323 Brechinensis
1071 2274 1157 2322 viz,
1194 2275 1428 2337 Magister
1460 2275 1494 2321 J
1499 2276 1708 2323 ohannes
1744 2275 2024 2342 Lychtoune
2054 2277 2261 2325 decanus
2284 2276 2408 2325 eius-

470 2365 575 2410 dem
614 2363 854 2412 debuisset
895 2379 926 2411 a
963 2367 1178 2427 tempore
1218 2364 1554 2427 assumptionis
1595 2364 1736 2412 officii
1778 2365 2100 2427 procuratoris
2145 2365 2406 2413 communis

471 2452 586 2499 dicti
627 2451 823 2515 capituli
861 2451 1102 2501 laborasse
1144 2468 1230 2516 pro
1271 2452 1511 2501 solucione
1553 2453 1788 2500 dictarum
1833 2469 2120 2502 summarum
2162 2458 2210 2501 et
2250 2454 2405 2502 adhuc

472 2541 642 2588 debere
667 2541 923 2589 secundum
948 2541 1335 2589 consuetudinem
1359 2542 1591 2590 hactenus
1624 2542 1925 2590 obseruatam
1949 2543 1996 2589 in
2023 2543 2152 2590 dicto
2183 2542 2404 2607 Capitulo
2464 2528 2465 2531 Ἴ

475 2646 558 2693 per
591 2633 944 2693 procuratorem
968 2645 1262 2677 communem
1287 2630 1496 2679 eiusdem
1523 2630 1648 2685 Quia
1682 2633 1736 2678 ut
1771 2630 1961 2678 dicebat
1997 2632 2154 2679 dictus
2188 2647 2405 2679 reueren-

468 2721 554 2766 dus
588 2722 725 2782 pater
757 2719 970 2782 prefatus
1004 2719 1210 2766 decanus
1243 2733 1487 2767 assumens
1528 2719 1731 2766 officium
1777 2718 2098 2781 procuratoris
2144 2720 2405 2768 communis

466 2809 654 2855 viuente
674 2807 862 2854 domino
879 2807 913 2853 J
913 2806 1101 2854 >ohanne
1118 2811 1424 2870 procuratore
1442 2807 1677 2855 communi
1695 2811 1807 2856 ante
1827 2808 2056 2855 decanum
2075 2809 2254 2871 recepit
2269 2809 2330 2855 ab
2345 2824 2402 2856 eo

467 2898 524 2943 de
565 2895 776 2959 pecuniis
813 2895 986 2943 debitis
1023 2911 1110 2958 pro
1150 2896 1314 2959 cappis
1350 2911 1579 2944 summam
1602 2912 1690 2944 sex
1713 2895 1938 2944 librarum
1976 2901 2166 2944 monete
2190 2897 2352 2945 Scotie
2391 2926 2401 2935 -

468 2985 620 3038 Quam
645 2999 873 3032 summam
898 2984 1054 3032 dictus
1073 2985 1288 3033 dominus
1304 2985 1337 3030 J
1342 2985 1551 3033 ohannes
1576 2983 1713 3047 Lyell
1736 2989 1964 3048 tanquam
1981 2989 2259 3048 procurator
2276 3001 2402 3033 com-

464 3073 619 3120 munis
653 3073 832 3135 recepit
856 3089 886 3120 a
909 3072 1108 3121 diuersis
1132 3073 1372 3121 canonicis
1396 3088 1458 3120 ex
1482 3072 1644 3120 debito
1666 3088 1753 3136 pro
1777 3072 1942 3136 cappis
1966 3076 2014 3120 et
2037 3073 2236 3122 tradidit
2272 3074 2401 3122 dicto

466 3163 644 3209 decano
667 3166 893 3224 tanquam
918 3161 1212 3224 procuratori
1236 3161 1470 3209 communi
1508 3165 1561 3209 ut
1598 3161 1699 3224 ipse
1736 3160 1956 3210 similiter
1989 3161 2171 3209 faceret
2206 3178 2299 3225 quo
2336 3162 2400 3210 'ad

465 3249 585 3298 alios
619 3249 870 3297 canonicos
903 3249 1137 3298 intrantes
1169 3253 1383 3313 tempore
1411 3249 1764 3313 procuracionis
1796 3265 1879 3298 sue
1914 3244 2175 3299 coi'n'munis
2209 3254 2258 3298 et
2294 3250 2400 3309 illos

465 3338 544 3400 qui
579 3354 671 3386 non
706 3337 948 3387 sciuerunt
982 3343 1195 3402 tempore
1218 3354 1304 3387 suo
1347 3366 1358 3376 ·
1396 3338 1760 3387 Protestabatur
1782 3353 1893 3401 ergo
1916 3338 2074 3387 dictus
2114 3340 2400 3388 reuerendus
