2950 3970
698 617 1166 677 REGISTRUM
1204 621 1744 680 EPISCOPATUS
1785 627 2376 687 BRECHINENSIS.
2419 634 2490 688 63

562 821 673 854 vero
707 804 916 869 Augusti
951 808 1028 856 die
1066 809 1290 859 vicesima
1325 813 1532 860 secunda
1568 841 1578 850 ·
1617 841 1627 851 ·
1667 842 1677 851 -
1714 814 1980 863 Indictione
2005 818 2280 866 duodecima
2301 820 2483 882 pontifi-

559 897 697 943 catus
734 922 744 932 ·
783 923 793 932 ·
834 923 845 933 ·
882 896 1059 944 domini
1084 897 1285 961 Eugenii
1323 927 1333 938 ·
1375 928 1385 938 ·
1423 927 1435 938 ·
1472 901 1601 965 Pape
1626 904 1782 965 quarti
1806 919 1929 953 anno
1960 909 2129 967 quarto
2165 932 2175 942 ·
2215 934 2224 943 ·
2263 934 2273 944 ·
2311 906 2479 955 Coram

561 1011 572 1020 ·
612 1011 622 1021 ·
661 1011 672 1022 ·
709 983 899 1032 domino
937 985 972 1032 J
975 985 1159 1034 ohanne
1200 988 1421 1052 episcopo
1463 989 1772 1040 Brechinensi
1813 991 1860 1038 in
1901 992 2109 1054 capitulo
2149 993 2355 1042 eiusdem
2397 1012 2482 1058 pro

558 1071 788 1121 tribunali
827 1073 1024 1122 sedente
1063 1076 1328 1139 comparuit
1369 1077 1601 1126 discretus
1641 1078 1717 1125 vir
1756 1079 1971 1128 dominus
2007 1079 2250 1130 Gilbertus
2286 1082 2480 1144 Knycht

559 1161 808 1225 presbyter
831 1177 1117 1226 cognoscens
1140 1164 1376 1213 defectum
1399 1180 1534 1213 suum
1570 1170 1619 1214 et
1655 1170 1823 1229 petens
1846 1167 2027 1215 veniam
2050 1184 2081 1216 a
2103 1168 2231 1216 dicto
2262 1169 2480 1233 episcopo

558 1266 616 1298 ac
637 1254 928 1314 potestatem
965 1266 1052 1300 suo
1090 1252 1346 1301 confessori
1383 1254 1444 1300 ad
1481 1253 1817 1302 absoluendum
1841 1255 1992 1318 ipsum
2032 1256 2090 1303 de
2126 1257 2216 1304 hoc
2239 1258 2363 1320 quod
2387 1273 2479 1306 non

558 1339 770 1388 obediuit
805 1340 1045 1388 mandatis
1081 1339 1227 1389 licitis
1264 1345 1313 1389 et
1349 1341 1561 1390 honestis
1597 1341 1713 1390 dicti
1749 1342 1958 1406 episcopi
1996 1343 2044 1390 in
2083 1344 2210 1392 facto
2248 1346 2483 1408 regiminis

557 1427 809 1476 scolarium
846 1427 956 1476 ville
995 1428 1054 1476 de
1093 1427 1267 1476 Dunde
1303 1430 1386 1477 sed
1417 1429 1497 1491 jus
1533 1429 1720 1478 abbatis
1757 1430 1814 1478 de
1854 1430 2086 1480 Lundoris
2120 1433 2410 1482 defendendo
2433 1435 2480 1481 in

557 1515 817 1565 collacione
854 1520 904 1565 et
941 1517 1210 1565 omnimoda
1232 1517 1499 1580 prouisione
1523 1517 1649 1565 dicte
1684 1517 1811 1566 scole
1849 1521 1898 1566 et
1934 1518 2181 1567 scolarium
2217 1521 2307 1568 sibi
2339 1521 2478 1570 factis

556 1622 642 1669 per
677 1606 857 1654 dictum
894 1605 1117 1654 abbatem
1154 1621 1185 1652 a
1221 1605 1350 1653 dicto
1389 1606 1646 1653 reuerendo
1669 1610 1805 1668 patre
1828 1605 2085 1669 appellauit
2109 1623 2248 1669 quam
2272 1609 2478 1672 appella-

555 1695 735 1743 tionem
759 1693 1003 1742 reuoeauit
1025 1693 1235 1742 cassauit
1269 1697 1319 1742 et
1354 1693 1616 1742 annullauit
1639 1697 1866 1757 tanquam
1899 1710 1993 1742 non
2027 1695 2201 1743 factam
2235 1712 2386 1759 neque
2410 1698 2479 1745 in-

553 1783 772 1832 timatam
802 1782 1116 1845 cognouitque
1139 1782 1344 1845 seipsum
1380 1782 1556 1829 dictum
1592 1780 1857 1829 Gilbertum
1893 1782 1942 1829 in
1977 1782 2241 1831 defensione
2265 1785 2478 1847 predicta

553 1871 677 1921 male
717 1870 982 1935 appellasse
1020 1899 1031 1909 ·
1069 1870 1129 1918 In
1170 1870 1351 1933 signum
1393 1870 1525 1918 cuius
1563 1870 1611 1917 in
1647 1869 1861 1918 manibus
1898 1869 2014 1918 dicti
2050 1872 2293 1918 reuerendi
2329 1874 2477 1935 patris

553 1977 690 2010 omne
721 1961 803 2023 jus
839 1976 977 2009 suum
1013 1960 1075 2007 ad
1113 1959 1267 2007 dictas
1289 1958 1443 2007 scolas
1479 1962 1528 2006 et
1565 1959 1627 2005 ad
1659 1957 1862 2020 regimen
1886 1959 2137 2006 earundem
2166 1960 2288 2022 quod
2313 1960 2475 2008 habuit

551 2066 740 2114 quoquo
758 2050 866 2112 jure
888 2064 1005 2112 pure
1029 2053 1079 2096 et
1102 2047 1381 2111 simpliciter
1404 2045 1658 2109 resignauit
1696 2073 1706 2083 ·
1745 2046 1939 2094 Necnon
1975 2047 2100 2094 omni
2126 2046 2222 2108 juri
2256 2063 2476 2110 quocum-

551 2156 642 2203 que
667 2138 809 2187 titulo
833 2137 1067 2201 acquisito
1090 2152 1173 2185 seu
1196 2152 1226 2183 a
1248 2150 1540 2199 quocumque
1563 2134 1611 2181 in
1635 2134 1775 2182 dictis
1798 2133 1938 2183 scolis
1959 2134 2033 2181 vel
2061 2135 2272 2197 regimini
2308 2152 2473 2184 earun-

551 2230 658 2276 dem
680 2226 962 2290 simpliciter
983 2224 1279 2273 renunciauit
1316 2251 1327 2262 ·
1363 2223 1536 2272 Dictus
1569 2238 1679 2271 vero
1712 2222 1958 2286 episcopus
1990 2223 2352 2285 resignacionem
2378 2225 2473 2271 dic-

550 2321 706 2366 tarum
744 2315 976 2365 scolarum
1013 2329 1196 2362 necnon
1233 2311 1627 2360 renuntiationem
1665 2311 1838 2373 quo-ad
1876 2326 2012 2357 omne
2043 2310 2122 2371 jus
2159 2312 2282 2374 quod
2309 2312 2472 2359 habuit

550 2406 626 2454 vel
662 2405 836 2454 habere
872 2403 1030 2468 potuit
1066 2402 1253 2466 publice
1290 2400 1520 2463 recipiens
1543 2398 1694 2446 dictas
1717 2397 1869 2446 scolas
1903 2401 1952 2444 et
1981 2398 2184 2460 regimen
2220 2401 2469 2447 earundem

549 2494 774 2558 magistro
800 2491 1064 2540 Laurencio
1090 2492 1328 2539 Lownane
1355 2488 1495 2552 pleno
1526 2487 1633 2549 jure
1658 2485 1857 2534 contulit
1894 2489 1947 2533 ut
1984 2490 2118 2548 patet
2154 2503 2238 2549 per
2261 2502 2370 2535 suas
2393 2487 2469 2535 lit-

548 2588 678 2633 teras
718 2598 836 2647 quas
875 2597 1045 2644 magno
1085 2579 1239 2642 sigillo
1285 2593 1370 2625 suo
1415 2592 1556 2639 super
1600 2574 1855 2623 collacione
1900 2574 2029 2621 facta
2073 2574 2200 2621 dicto
2246 2575 2466 2637 magistro

551 2672 816 2721 Laurencio
854 2671 1095 2719 Lownane
1133 2666 1327 2730 sigillari
1364 2664 1576 2728 precepit
1613 2691 1623 2701 ·
1660 2663 1813 2725 Super
1849 2661 2015 2724 quibus
2038 2662 2250 2710 omnibus
2289 2667 2337 2711 et
2373 2664 2467 2712 sin-

547 2762 670 2826 gulis
715 2761 852 2808 Idem
899 2757 1186 2806 reuerendus
1230 2758 1369 2818 pater
1413 2769 1443 2801 a
1487 2767 1564 2801 me
1609 2751 1794 2799 notario
1839 2749 2027 2812 publico
2073 2750 2337 2813 subscripto
2377 2752 2465 2799 sibi

547 2851 649 2898 fieri
685 2849 827 2913 petiit
864 2846 1102 2911 publicum
1140 2844 1501 2892 instrumentum
1541 2867 1551 2879 ·
1590 2867 1601 2877 ·
1639 2867 1649 2876 ·
1685 2839 1811 2885 Acta
1833 2837 2021 2884 fuerunt
2051 2837 2139 2885 hec
2177 2838 2225 2884 in
2261 2839 2467 2902 capitulo

547 2939 763 3003 predicto
800 2965 810 2975 -
849 2963 859 2973 ·
899 2963 909 2973 ·
947 2932 1253 2982 Presentibus
1276 2930 1448 2977 ibidem
1471 2925 1819 2975 honorabilibus
1842 2924 1952 2972 viris
1983 2925 2182 2974 dominis
2206 2925 2466 2976 Cuthberto

549 3029 729 3076 decano
767 3026 802 3072 J
805 3024 989 3073 ohanne
1029 3020 1135 3069 Liel
1170 3017 1466 3067 thezaurario
1504 3014 1719 3063 Gilberto
1757 3013 1954 3060 Forstar
1988 3012 2317 3061 archidiacono
2364 3015 2465 3063 Hu-

545 3131 665 3180 gone
699 3114 974 3163 subdecano
1010 3111 1044 3157 J
1048 3109 1232 3157 ohanne
1274 3104 1396 3153 Steil
1436 3107 1627 3151 cantore
1668 3100 1973 3149 Brechinensi
2015 3115 2119 3148 cum
2160 3101 2320 3150 multis
2359 3103 2464 3152 aliis

549 3234 559 3243 ·
597 3234 608 3245 -
648 3232 659 3242 ·
697 3204 763 3251 Et
798 3217 887 3264 ego
923 3197 1151 3263 Fynlaius
1188 3196 1444 3257 Dempster
1473 3191 1672 3239 clericus
1695 3187 2044 3236 Dunkeldensis
2068 3188 2281 3238 dioecesis
2315 3190 2463 3253 publi-

547 3309 634 3342 cus
655 3289 921 3355 apostolica
942 3286 1204 3335 autoritate
1227 3281 1440 3331 notarius
1479 3308 1488 3317 ·
1527 3307 1537 3316 ·
1577 3306 1586 3316 ·
