<?xml version="1.0" encoding="UTF-8"?>
<!DOCTYPE html PUBLIC "-//W3C//DTD XHTML 1.0 Transitional//EN"
    "http://www.w3.org/TR/xhtml1/DTD/xhtml1-transitional.dtd">
<html xmlns="http://www.w3.org/1999/xhtml" xml:lang="en" lang="en">
 <head>
  <title>
</title>
<meta http-equiv="Content-Type" content="text/html;charset=utf-8" />
  <meta name='ocr-system' content='tesseract 3.04.00' />
  <meta name='ocr-capabilities' content='ocr_page ocr_carea ocr_par ocr_line ocrx_word'/>
</head>
<body>
  <div class='ocr_page' id='page_1' title='image "./registrumepiscop01brecuoft_0162.png"; bbox 0 0 2950 3970; ppageno 0'>
   <div class='ocr_carea' id='block_1_1' title="bbox 502 626 2334 683">
    <p class='ocr_par' dir='ltr' id='par_1_1' title="bbox 502 626 2334 683">
     <span class='ocr_line' id='line_1_1' title="bbox 502 626 2334 683; baseline 0 -2"><span class='ocrx_word' id='word_1_1' title='bbox 502 628 575 681; x_wconf 87' lang='grc'>50</span> <span class='ocrx_word' id='word_1_2' title='bbox 653 627 1117 683; x_wconf 81' lang='lat' dir='ltr'><strong>REGISTRUM</strong></span> <span class='ocrx_word' id='word_1_3' title='bbox 1155 627 1696 683; x_wconf 80' lang='lat' dir='ltr'>EPISGOPATUS</span> <span class='ocrx_word' id='word_1_4' title='bbox 1738 626 2334 682; x_wconf 83' lang='lat' dir='ltr'>BRECHINENSIS.</span> 
     </span>
    </p>
   </div>
   <div class='ocr_carea' id='block_1_2' title="bbox 497 814 2437 3346">
    <p class='ocr_par' dir='ltr' id='par_1_2' title="bbox 497 814 2437 3346">
     <span class='ocr_line' id='line_1_2' title="bbox 504 814 2436 879; baseline 0 -17"><span class='ocrx_word' id='word_1_5' title='bbox 504 831 644 878; x_wconf 91' lang='lat' dir='ltr'>quam</span> <span class='ocrx_word' id='word_1_6' title='bbox 669 815 717 862; x_wconf 92' lang='lat' dir='ltr'>in</span> <span class='ocrx_word' id='word_1_7' title='bbox 742 815 949 863; x_wconf 91' lang='lat' dir='ltr'>dominio</span> <span class='ocrx_word' id='word_1_8' title='bbox 980 820 1143 864; x_wconf 88' lang='lat' dir='ltr'>nostro</span> <span class='ocrx_word' id='word_1_9' title='bbox 1179 816 1237 863; x_wconf 93' lang='lat' dir='ltr'>de</span> <span class='ocrx_word' id='word_1_10' title='bbox 1268 815 1482 878; x_wconf 84' lang='lat' dir='ltr'>Brechyn</span> <span class='ocrx_word' id='word_1_11' title='bbox 1519 816 1579 863; x_wconf 92' lang='lat' dir='ltr'>ad</span> <span class='ocrx_word' id='word_1_12' title='bbox 1613 815 1866 864; x_wconf 90' lang='lat' dir='ltr'>leuandum</span> <span class='ocrx_word' id='word_1_13' title='bbox 1900 819 1950 864; x_wconf 90' lang='lat' dir='ltr'>et</span> <span class='ocrx_word' id='word_1_14' title='bbox 1984 814 2303 879; x_wconf 85' lang='lat' dir='ltr'>recipiendum</span> <span class='ocrx_word' id='word_1_15' title='bbox 2338 815 2436 862; x_wconf 90' lang='lat' dir='ltr'>dic-</span> 
     </span>
     <span class='ocr_line' id='line_1_3' title="bbox 497 902 2435 967; baseline 0 -17"><span class='ocrx_word' id='word_1_16' title='bbox 497 907 598 951; x_wconf 91' lang='lat' dir='ltr'>tam</span> <span class='ocrx_word' id='word_1_17' title='bbox 615 919 844 952; x_wconf 87' lang='lat' dir='ltr'>summam</span> <span class='ocrx_word' id='word_1_18' title='bbox 865 904 1005 952; x_wconf 90' lang='lat' dir='ltr'>modo</span> <span class='ocrx_word' id='word_1_19' title='bbox 1023 919 1116 967; x_wconf 92' lang='lat' dir='ltr'>quo</span> <span class='ocrx_word' id='word_1_20' title='bbox 1135 903 1427 967; x_wconf 91' lang='lat' dir='ltr'>premittitur</span> <span class='ocrx_word' id='word_1_21' title='bbox 1443 903 1595 966; x_wconf 91' lang='lat' dir='ltr'>primo</span> <span class='ocrx_word' id='word_1_22' title='bbox 1613 904 1672 951; x_wconf 91' lang='lat' dir='ltr'>de</span> <span class='ocrx_word' id='word_1_23' title='bbox 1690 903 1833 952; x_wconf 87' lang='lat' dir='ltr'>terris</span> <span class='ocrx_word' id='word_1_24' title='bbox 1848 903 2023 952; x_wconf 86' lang='lat' dir='ltr'>nostris</span> <span class='ocrx_word' id='word_1_25' title='bbox 2041 904 2099 951; x_wconf 91' lang='lat' dir='ltr'>de</span> <span class='ocrx_word' id='word_1_26' title='bbox 2114 902 2435 966; x_wconf 83' lang='lat' dir='ltr'>Cortowquhy</span> 
     </span>
     <span class='ocr_line' id='line_1_4' title="bbox 502 990 2435 1055; baseline 0 -17"><span class='ocrx_word' id='word_1_27' title='bbox 502 996 613 1039; x_wconf 89' lang='lat' dir='ltr'>ante</span> <span class='ocrx_word' id='word_1_28' title='bbox 637 991 919 1040; x_wconf 89' lang='lat' dir='ltr'>solutionem</span> <span class='ocrx_word' id='word_1_29' title='bbox 954 992 1271 1055; x_wconf 90' lang='lat' dir='ltr'>cuiuscunque</span> <span class='ocrx_word' id='word_1_30' title='bbox 1306 990 1502 1039; x_wconf 88' lang='lat' dir='ltr'>alterius</span> <span class='ocrx_word' id='word_1_31' title='bbox 1536 1007 1715 1039; x_wconf 91' lang='lat' dir='ltr'>summe</span> <span class='ocrx_word' id='word_1_32' title='bbox 1751 992 1831 1039; x_wconf 89' lang='lat' dir='ltr'>ubi</span> <span class='ocrx_word' id='word_1_33' title='bbox 1865 991 2032 1040; x_wconf 88' lang='lat' dir='ltr'>melius</span> <span class='ocrx_word' id='word_1_34' title='bbox 2067 991 2358 1039; x_wconf 78' lang='lat' dir='ltr'>commodius</span> <span class='ocrx_word' id='word_1_35' title='bbox 2386 995 2435 1038; x_wconf 91' lang='lat' dir='ltr'>et</span> 
     </span>
     <span class='ocr_line' id='line_1_5' title="bbox 505 1079 2437 1143; baseline 0 -17"><span class='ocrx_word' id='word_1_36' title='bbox 505 1080 646 1128; x_wconf 85' lang='lat' dir='ltr'>citius</span> <span class='ocrx_word' id='word_1_37' title='bbox 667 1080 830 1127; x_wconf 90' lang='lat' dir='ltr'>haberi</span> <span class='ocrx_word' id='word_1_38' title='bbox 855 1080 1031 1143; x_wconf 90' lang='lat' dir='ltr'>poterit</span> <span class='ocrx_word' id='word_1_39' title='bbox 1069 1079 1491 1143; x_wconf 85' lang='lat' dir='ltr'>expedientiusque</span> <span class='ocrx_word' id='word_1_40' title='bbox 1529 1079 1676 1127; x_wconf 85' lang='lat' dir='ltr'>leuari</span> <span class='ocrx_word' id='word_1_41' title='bbox 1715 1079 1843 1128; x_wconf 93' lang='lat' dir='ltr'>dicto</span> <span class='ocrx_word' id='word_1_42' title='bbox 1880 1079 2173 1143; x_wconf 76' lang='lat' dir='ltr'>procuratori</span> <span class='ocrx_word' id='word_1_43' title='bbox 2201 1079 2437 1127; x_wconf 85' lang='lat' dir='ltr'>videbitur</span> 
     </span>
     <span class='ocr_line' id='line_1_6' title="bbox 511 1166 2435 1230; baseline -0.001 -15"><span class='ocrx_word' id='word_1_44' title='bbox 511 1171 560 1215; x_wconf 91' lang='lat' dir='ltr'>et</span> <span class='ocrx_word' id='word_1_45' title='bbox 596 1167 900 1216; x_wconf 76' lang='lat' dir='ltr'>conformiter</span> <span class='ocrx_word' id='word_1_46' title='bbox 937 1168 995 1215; x_wconf 90' lang='lat' dir='ltr'>de</span> <span class='ocrx_word' id='word_1_47' title='bbox 1034 1167 1175 1215; x_wconf 89' lang='lat' dir='ltr'>terris</span> <span class='ocrx_word' id='word_1_48' title='bbox 1212 1166 1406 1215; x_wconf 87' lang='lat' dir='ltr'>dominii</span> <span class='ocrx_word' id='word_1_49' title='bbox 1444 1168 1502 1215; x_wconf 93' lang='lat' dir='ltr'>de</span> <span class='ocrx_word' id='word_1_50' title='bbox 1541 1167 1761 1230; x_wconf 87' lang='lat' dir='ltr'>Brechyn</span> <span class='ocrx_word' id='word_1_51' title='bbox 1795 1167 1843 1215; x_wconf 90' lang='lat' dir='ltr'>in</span> <span class='ocrx_word' id='word_1_52' title='bbox 1878 1167 2067 1216; x_wconf 83' lang='lat' dir='ltr'>defectu</span> <span class='ocrx_word' id='word_1_53' title='bbox 2107 1171 2339 1216; x_wconf 85' lang='lat' dir='ltr'>terrarum</span> <span class='ocrx_word' id='word_1_54' title='bbox 2376 1169 2435 1215; x_wconf 93' lang='lat' dir='ltr'>de</span> 
     </span>
     <span class='ocr_line' id='line_1_7' title="bbox 509 1252 2435 1320; baseline 0 -17"><span class='ocrx_word' id='word_1_55' title='bbox 509 1256 831 1319; x_wconf 84' lang='lat' dir='ltr'>Cortowquhy</span> <span class='ocrx_word' id='word_1_56' title='bbox 873 1255 1087 1304; x_wconf 84' lang='lat' dir='ltr'>volumus</span> <span class='ocrx_word' id='word_1_57' title='bbox 1121 1255 1245 1302; x_wconf 90' lang='lat' dir='ltr'>idem</span> <span class='ocrx_word' id='word_1_58' title='bbox 1287 1252 1528 1303; x_wconf 85' lang='lat' dir='ltr'>obseruari</span> <span class='ocrx_word' id='word_1_59' title='bbox 1568 1284 1578 1294; x_wconf 88' lang='lat'><strong>·</strong></span> <span class='ocrx_word' id='word_1_60' title='bbox 1616 1256 1742 1303; x_wconf 85' lang='lat' dir='ltr'>Item</span> <span class='ocrx_word' id='word_1_61' title='bbox 1779 1255 1990 1304; x_wconf 84' lang='lat' dir='ltr'>volumus</span> <span class='ocrx_word' id='word_1_62' title='bbox 2025 1257 2150 1320; x_wconf 91' lang='lat' dir='ltr'>quod</span> <span class='ocrx_word' id='word_1_63' title='bbox 2186 1255 2302 1304; x_wconf 92' lang='lat' dir='ltr'>dicti</span> <span class='ocrx_word' id='word_1_64' title='bbox 2343 1257 2435 1303; x_wconf 95' lang='lat' dir='ltr'>duo</span> 
     </span>
     <span class='ocr_line' id='line_1_8' title="bbox 502 1343 2435 1407; baseline 0.002 -17"><span class='ocrx_word' id='word_1_65' title='bbox 502 1344 757 1407; x_wconf 77' lang='lat' dir='ltr'>presbiteri</span> <span class='ocrx_word' id='word_1_66' title='bbox 795 1347 845 1391; x_wconf 87' lang='lat' dir='ltr'>et</span> <span class='ocrx_word' id='word_1_67' title='bbox 881 1360 966 1392; x_wconf 85' lang='lat' dir='ltr'>sex</span> <span class='ocrx_word' id='word_1_68' title='bbox 1004 1343 1138 1407; x_wconf 87' lang='lat' dir='ltr'>pueri</span> <span class='ocrx_word' id='word_1_69' title='bbox 1162 1343 1435 1392; x_wconf 87' lang='lat' dir='ltr'>continuam</span> <span class='ocrx_word' id='word_1_70' title='bbox 1457 1344 1637 1392; x_wconf 84' lang='lat' dir='ltr'>faciant</span> <span class='ocrx_word' id='word_1_71' title='bbox 1670 1344 1974 1393; x_wconf 75' lang='lat' dir='ltr'>residentiam</span> <span class='ocrx_word' id='word_1_72' title='bbox 1998 1344 2046 1392; x_wconf 90' lang='lat' dir='ltr'>in</span> <span class='ocrx_word' id='word_1_73' title='bbox 2071 1344 2200 1392; x_wconf 86' lang='lat' dir='ltr'>dicta</span> <span class='ocrx_word' id='word_1_74' title='bbox 2234 1343 2435 1393; x_wconf 87' lang='lat' dir='ltr'>ecclesia</span> 
     </span>
     <span class='ocr_line' id='line_1_9' title="bbox 507 1432 2434 1496; baseline 0.001 -17"><span class='ocrx_word' id='word_1_75' title='bbox 507 1433 683 1480; x_wconf 89' lang='lat' dir='ltr'>dictum</span> <span class='ocrx_word' id='word_1_76' title='bbox 706 1432 954 1481; x_wconf 88' lang='lat' dir='ltr'>seruicium</span> <span class='ocrx_word' id='word_1_77' title='bbox 980 1432 1300 1480; x_wconf 87' lang='lat' dir='ltr'>continuando</span> <span class='ocrx_word' id='word_1_78' title='bbox 1338 1460 1349 1470; x_wconf 90' lang='lat'><strong>·</strong></span> <span class='ocrx_word' id='word_1_79' title='bbox 1386 1432 1453 1480; x_wconf 91' lang='lat' dir='ltr'>Et</span> <span class='ocrx_word' id='word_1_80' title='bbox 1490 1432 1530 1480; x_wconf 91' lang='lat' dir='ltr'>si</span> <span class='ocrx_word' id='word_1_81' title='bbox 1569 1432 1812 1494; x_wconf 85' lang='lat' dir='ltr'>contingat</span> <span class='ocrx_word' id='word_1_82' title='bbox 1852 1433 2006 1481; x_wconf 87' lang='lat' dir='ltr'>dictos</span> <span class='ocrx_word' id='word_1_83' title='bbox 2041 1432 2328 1496; x_wconf 76' lang='lat' dir='ltr'>presbiteros</span> <span class='ocrx_word' id='word_1_84' title='bbox 2351 1438 2434 1481; x_wconf 88' lang='lat' dir='ltr'>aut</span> 
     </span>
     <span class='ocr_line' id='line_1_10' title="bbox 499 1520 2437 1584; baseline 0.001 -16"><span class='ocrx_word' id='word_1_85' title='bbox 499 1537 669 1583; x_wconf 87' lang='lat' dir='ltr'>pueros</span> <span class='ocrx_word' id='word_1_86' title='bbox 705 1525 790 1569; x_wconf 89' lang='lat' dir='ltr'>aut</span> <span class='ocrx_word' id='word_1_87' title='bbox 827 1520 1032 1584; x_wconf 88' lang='lat' dir='ltr'>aliquem</span> <span class='ocrx_word' id='word_1_88' title='bbox 1057 1536 1218 1568; x_wconf 87' lang='lat' dir='ltr'>eorum</span> <span class='ocrx_word' id='word_1_89' title='bbox 1257 1521 1456 1568; x_wconf 90' lang='lat' dir='ltr'>deficere</span> <span class='ocrx_word' id='word_1_90' title='bbox 1493 1521 1540 1568; x_wconf 88' lang='lat' dir='ltr'>in</span> <span class='ocrx_word' id='word_1_91' title='bbox 1583 1521 1806 1569; x_wconf 89' lang='lat' dir='ltr'>continua</span> <span class='ocrx_word' id='word_1_92' title='bbox 1830 1521 2088 1570; x_wconf 84' lang='lat' dir='ltr'>residentia</span> <span class='ocrx_word' id='word_1_93' title='bbox 2110 1521 2211 1569; x_wconf 91' lang='lat' dir='ltr'>sine</span> <span class='ocrx_word' id='word_1_94' title='bbox 2235 1522 2437 1570; x_wconf 87' lang='lat' dir='ltr'>seruicio</span> 
     </span>
     <span class='ocr_line' id='line_1_11' title="bbox 501 1608 2437 1672; baseline 0.001 -16"><span class='ocrx_word' id='word_1_95' title='bbox 501 1610 724 1658; x_wconf 92' lang='lat' dir='ltr'>continuo</span> <span class='ocrx_word' id='word_1_96' title='bbox 761 1638 771 1647; x_wconf 93' lang='lat'>-</span> <span class='ocrx_word' id='word_1_97' title='bbox 809 1609 1040 1658; x_wconf 89' lang='lat' dir='ltr'>Volumus</span> <span class='ocrx_word' id='word_1_98' title='bbox 1077 1610 1202 1672; x_wconf 89' lang='lat' dir='ltr'>quod</span> <span class='ocrx_word' id='word_1_99' title='bbox 1237 1608 1446 1657; x_wconf 86' lang='lat' dir='ltr'>locorum</span> <span class='ocrx_word' id='word_1_100' title='bbox 1471 1609 1678 1672; x_wconf 92' lang='lat' dir='ltr'>ipsorum</span> <span class='ocrx_word' id='word_1_101' title='bbox 1703 1609 2019 1657; x_wconf 89' lang='lat' dir='ltr'>deficientium</span> <span class='ocrx_word' id='word_1_102' title='bbox 2056 1625 2140 1658; x_wconf 92' lang='lat' dir='ltr'>seu</span> <span class='ocrx_word' id='word_1_103' title='bbox 2175 1609 2437 1658; x_wconf 88' lang='lat' dir='ltr'>deficientis</span> 
     </span>
     <span class='ocr_line' id='line_1_12' title="bbox 506 1697 2435 1761; baseline 0.001 -16"><span class='ocrx_word' id='word_1_104' title='bbox 506 1713 589 1761; x_wconf 90' lang='lat' dir='ltr'>per</span> <span class='ocrx_word' id='word_1_105' title='bbox 610 1713 697 1746; x_wconf 86' lang='lat' dir='ltr'>nos</span> <span class='ocrx_word' id='word_1_106' title='bbox 719 1699 919 1746; x_wconf 82' lang='lat' dir='ltr'>heredes</span> <span class='ocrx_word' id='word_1_107' title='bbox 940 1701 1130 1746; x_wconf 86' lang='lat' dir='ltr'>nostros</span> <span class='ocrx_word' id='word_1_108' title='bbox 1164 1701 1214 1745; x_wconf 92' lang='lat' dir='ltr'>et</span> <span class='ocrx_word' id='word_1_109' title='bbox 1248 1701 1438 1746; x_wconf 88' lang='lat' dir='ltr'>nostros</span> <span class='ocrx_word' id='word_1_110' title='bbox 1471 1712 1767 1746; x_wconf 82' lang='lat' dir='ltr'>successores</span> <span class='ocrx_word' id='word_1_111' title='bbox 1801 1699 1859 1745; x_wconf 90' lang='lat' dir='ltr'>de</span> <span class='ocrx_word' id='word_1_112' title='bbox 1894 1697 1989 1746; x_wconf 84' lang='lat' dir='ltr'>alio</span> <span class='ocrx_word' id='word_1_113' title='bbox 2023 1714 2106 1746; x_wconf 93' lang='lat' dir='ltr'>seu</span> <span class='ocrx_word' id='word_1_114' title='bbox 2142 1699 2200 1746; x_wconf 91' lang='lat' dir='ltr'>de</span> <span class='ocrx_word' id='word_1_115' title='bbox 2235 1698 2342 1747; x_wconf 85' lang='lat' dir='ltr'>aliis</span> <span class='ocrx_word' id='word_1_116' title='bbox 2377 1700 2435 1747; x_wconf 94' lang='lat' dir='ltr'>de</span> 
     </span>
     <span class='ocr_line' id='line_1_13' title="bbox 502 1785 2435 1851; baseline 0.001 -17"><span class='ocrx_word' id='word_1_117' title='bbox 502 1788 631 1834; x_wconf 81' lang='lat' dir='ltr'>facto</span> <span class='ocrx_word' id='word_1_118' title='bbox 672 1791 721 1834; x_wconf 92' lang='lat' dir='ltr'>et</span> <span class='ocrx_word' id='word_1_119' title='bbox 762 1785 1075 1834; x_wconf 90' lang='lat' dir='ltr'>incontinenti</span> <span class='ocrx_word' id='word_1_120' title='bbox 1121 1785 1426 1849; x_wconf 85' lang='lat' dir='ltr'>provideatur</span> <span class='ocrx_word' id='word_1_121' title='bbox 1474 1785 1602 1833; x_wconf 92' lang='lat' dir='ltr'>nullo</span> <span class='ocrx_word' id='word_1_122' title='bbox 1643 1786 1764 1847; x_wconf 89' lang='lat' dir='ltr'>juris</span> <span class='ocrx_word' id='word_1_123' title='bbox 1810 1787 2018 1834; x_wconf 91' lang='lat' dir='ltr'>remedio</span> <span class='ocrx_word' id='word_1_124' title='bbox 2063 1790 2147 1835; x_wconf 89' lang='lat' dir='ltr'>aut</span> <span class='ocrx_word' id='word_1_125' title='bbox 2192 1786 2435 1851; x_wconf 86' lang='lat' dir='ltr'>privilegio</span> 
     </span>
     <span class='ocr_line' id='line_1_14' title="bbox 502 1873 2436 1939; baseline 0.001 -16"><span class='ocrx_word' id='word_1_126' title='bbox 502 1875 697 1939; x_wconf 88' lang='lat' dir='ltr'>speciali</span> <span class='ocrx_word' id='word_1_127' title='bbox 731 1880 815 1924; x_wconf 87' lang='lat' dir='ltr'>aut</span> <span class='ocrx_word' id='word_1_128' title='bbox 849 1874 1057 1938; x_wconf 85' lang='lat' dir='ltr'>generali</span> <span class='ocrx_word' id='word_1_129' title='bbox 1096 1890 1179 1923; x_wconf 92' lang='lat' dir='ltr'>seu</span> <span class='ocrx_word' id='word_1_130' title='bbox 1217 1873 1426 1937; x_wconf 87' lang='lat' dir='ltr'>episcopi</span> <span class='ocrx_word' id='word_1_131' title='bbox 1463 1878 1546 1922; x_wconf 87' lang='lat' dir='ltr'>aut</span> <span class='ocrx_word' id='word_1_132' title='bbox 1580 1874 1776 1938; x_wconf 84' lang='lat' dir='ltr'>capituli</span> <span class='ocrx_word' id='word_1_133' title='bbox 1814 1874 2010 1923; x_wconf 88' lang='lat' dir='ltr'>licentia</span> <span class='ocrx_word' id='word_1_134' title='bbox 2048 1875 2096 1923; x_wconf 94' lang='lat' dir='ltr'>in</span> <span class='ocrx_word' id='word_1_135' title='bbox 2132 1879 2293 1924; x_wconf 84' lang='lat' dir='ltr'>nostre</span> <span class='ocrx_word' id='word_1_136' title='bbox 2330 1892 2436 1939; x_wconf 87' lang='lat' dir='ltr'>pro-</span> 
     </span>
     <span class='ocr_line' id='line_1_15' title="bbox 502 1962 2437 2013; baseline 0.001 -2"><span class='ocrx_word' id='word_1_137' title='bbox 502 1964 696 2013; x_wconf 90' lang='lat' dir='ltr'>uisionis</span> <span class='ocrx_word' id='word_1_138' title='bbox 719 1964 1004 2013; x_wconf 91' lang='lat' dir='ltr'>contrarium</span> <span class='ocrx_word' id='word_1_139' title='bbox 1030 1962 1244 2011; x_wconf 88' lang='lat' dir='ltr'>valituris</span> <span class='ocrx_word' id='word_1_140' title='bbox 1282 1991 1292 2000; x_wconf 93' lang='lat'>·</span> <span class='ocrx_word' id='word_1_141' title='bbox 1331 1962 1602 2011; x_wconf 87' lang='lat' dir='ltr'>Reseruata</span> <span class='ocrx_word' id='word_1_142' title='bbox 1639 1962 1746 2010; x_wconf 91' lang='lat' dir='ltr'>ideo</span> <span class='ocrx_word' id='word_1_143' title='bbox 1783 1963 1920 2011; x_wconf 91' lang='lat' dir='ltr'>nobis</span> <span class='ocrx_word' id='word_1_144' title='bbox 1956 1967 2006 2010; x_wconf 91' lang='lat' dir='ltr'>et</span> <span class='ocrx_word' id='word_1_145' title='bbox 2044 1963 2294 2012; x_wconf 87' lang='lat' dir='ltr'>heredibus</span> <span class='ocrx_word' id='word_1_146' title='bbox 2328 1979 2437 2012; x_wconf 90' lang='lat' dir='ltr'>nos-</span> 
     </span>
     <span class='ocr_line' id='line_1_16' title="bbox 500 2050 2434 2115; baseline -0.001 -14"><span class='ocrx_word' id='word_1_147' title='bbox 500 2054 588 2102; x_wconf 92' lang='lat' dir='ltr'>tris</span> <span class='ocrx_word' id='word_1_148' title='bbox 623 2058 672 2101; x_wconf 91' lang='lat' dir='ltr'>et</span> <span class='ocrx_word' id='word_1_149' title='bbox 707 2053 882 2101; x_wconf 85' lang='lat' dir='ltr'>nostris</span> <span class='ocrx_word' id='word_1_150' title='bbox 915 2051 1264 2101; x_wconf 85' lang='lat' dir='ltr'>successoribus</span> <span class='ocrx_word' id='word_1_151' title='bbox 1295 2050 1648 2115; x_wconf 89' lang='lat' dir='ltr'>presentatione</span> <span class='ocrx_word' id='word_1_152' title='bbox 1690 2050 2054 2114; x_wconf 88' lang='lat' dir='ltr'>presbiterorum</span> <span class='ocrx_word' id='word_1_153' title='bbox 2095 2055 2144 2100; x_wconf 90' lang='lat' dir='ltr'>et</span> <span class='ocrx_word' id='word_1_154' title='bbox 2185 2067 2434 2114; x_wconf 89' lang='lat' dir='ltr'>puerorum</span> 
     </span>
     <span class='ocr_line' id='line_1_17' title="bbox 504 2138 2435 2205; baseline -0.001 -15"><span class='ocrx_word' id='word_1_155' title='bbox 504 2142 906 2205; x_wconf 88' lang='lat' dir='ltr'>quotienscunque</span> <span class='ocrx_word' id='word_1_156' title='bbox 943 2144 993 2188; x_wconf 90' lang='lat' dir='ltr'>et</span> <span class='ocrx_word' id='word_1_157' title='bbox 1031 2140 1404 2203; x_wconf 84' lang='lat' dir='ltr'>quandocunque</span> <span class='ocrx_word' id='word_1_158' title='bbox 1442 2138 1694 2200; x_wconf 85' lang='lat' dir='ltr'>contigerit</span> <span class='ocrx_word' id='word_1_159' title='bbox 1731 2153 1899 2186; x_wconf 87' lang='lat' dir='ltr'>vacare</span> <span class='ocrx_word' id='word_1_160' title='bbox 1937 2142 1987 2186; x_wconf 93' lang='lat' dir='ltr'>et</span> <span class='ocrx_word' id='word_1_161' title='bbox 2022 2138 2186 2187; x_wconf 88' lang='lat' dir='ltr'>taliter</span> <span class='ocrx_word' id='word_1_162' title='bbox 2226 2144 2278 2188; x_wconf 91' lang='lat' dir='ltr'>ut</span> <span class='ocrx_word' id='word_1_163' title='bbox 2319 2141 2435 2189; x_wconf 92' lang='lat' dir='ltr'>dicti</span> 
     </span>
     <span class='ocr_line' id='line_1_18' title="bbox 503 2225 2434 2296; baseline -0.001 -17"><span class='ocrx_word' id='word_1_164' title='bbox 503 2231 735 2296; x_wconf 85' lang='lat' dir='ltr'>capellani</span> <span class='ocrx_word' id='word_1_165' title='bbox 759 2234 808 2278; x_wconf 92' lang='lat' dir='ltr'>et</span> <span class='ocrx_word' id='word_1_166' title='bbox 831 2230 964 2294; x_wconf 92' lang='lat' dir='ltr'>pueri</span> <span class='ocrx_word' id='word_1_167' title='bbox 987 2229 1138 2292; x_wconf 90' lang='lat' dir='ltr'>primo</span> <span class='ocrx_word' id='word_1_168' title='bbox 1162 2227 1344 2275; x_wconf 88' lang='lat' dir='ltr'>cantori</span> <span class='ocrx_word' id='word_1_169' title='bbox 1369 2231 1419 2275; x_wconf 91' lang='lat' dir='ltr'>et</span> <span class='ocrx_word' id='word_1_170' title='bbox 1443 2225 1726 2274; x_wconf 88' lang='lat' dir='ltr'>cancellario</span> <span class='ocrx_word' id='word_1_171' title='bbox 1759 2226 1886 2275; x_wconf 89' lang='lat' dir='ltr'>dicte</span> <span class='ocrx_word' id='word_1_172' title='bbox 1905 2226 2104 2275; x_wconf 86' lang='lat' dir='ltr'>ecclesie</span> <span class='ocrx_word' id='word_1_173' title='bbox 2129 2228 2188 2275; x_wconf 93' lang='lat' dir='ltr'>de</span> <span class='ocrx_word' id='word_1_174' title='bbox 2214 2228 2434 2292; x_wconf 82' lang='lat' dir='ltr'>Brochyn</span> 
     </span>
     <span class='ocr_line' id='line_1_19' title="bbox 500 2314 2434 2385; baseline -0.002 -17"><span class='ocrx_word' id='word_1_175' title='bbox 500 2324 832 2385; x_wconf 90' lang='lat' dir='ltr'>presententur</span> <span class='ocrx_word' id='word_1_176' title='bbox 868 2322 921 2366; x_wconf 89' lang='lat' dir='ltr'>ut</span> <span class='ocrx_word' id='word_1_177' title='bbox 957 2318 1006 2365; x_wconf 91' lang='lat' dir='ltr'>in</span> <span class='ocrx_word' id='word_1_178' title='bbox 1043 2321 1186 2365; x_wconf 90' lang='lat' dir='ltr'>cantu</span> <span class='ocrx_word' id='word_1_179' title='bbox 1225 2320 1275 2363; x_wconf 92' lang='lat' dir='ltr'>et</span> <span class='ocrx_word' id='word_1_180' title='bbox 1314 2315 1364 2362; x_wconf 91' lang='lat' dir='ltr'>in</span> <span class='ocrx_word' id='word_1_181' title='bbox 1401 2314 1586 2362; x_wconf 86' lang='lat' dir='ltr'>lectura</span> <span class='ocrx_word' id='word_1_182' title='bbox 1621 2330 1706 2378; x_wconf 90' lang='lat' dir='ltr'>per</span> <span class='ocrx_word' id='word_1_183' title='bbox 1742 2315 1871 2378; x_wconf 87' lang='lat' dir='ltr'>ipsos</span> <span class='ocrx_word' id='word_1_184' title='bbox 1910 2316 2241 2365; x_wconf 84' lang='lat' dir='ltr'>examinentur</span> <span class='ocrx_word' id='word_1_185' title='bbox 2264 2318 2434 2366; x_wconf 87' lang='lat' dir='ltr'>deinde</span> 
     </span>
     <span class='ocr_line' id='line_1_20' title="bbox 503 2403 2433 2471; baseline -0.001 -14"><span class='ocrx_word' id='word_1_186' title='bbox 503 2411 681 2457; x_wconf 88' lang='lat' dir='ltr'>decano</span> <span class='ocrx_word' id='word_1_187' title='bbox 719 2413 782 2456; x_wconf 83' lang='lat' dir='ltr'>et·</span> <span class='ocrx_word' id='word_1_188' title='bbox 807 2405 1016 2471; x_wconf 88' lang='lat' dir='ltr'>capitulo</span> <span class='ocrx_word' id='word_1_189' title='bbox 1041 2405 1209 2470; x_wconf 88' lang='lat' dir='ltr'>quibus</span> <span class='ocrx_word' id='word_1_190' title='bbox 1244 2421 1331 2468; x_wconf 92' lang='lat' dir='ltr'>per</span> <span class='ocrx_word' id='word_1_191' title='bbox 1366 2404 1495 2467; x_wconf 91' lang='lat' dir='ltr'>ipsos</span> <span class='ocrx_word' id='word_1_192' title='bbox 1537 2403 1646 2452; x_wconf 83' lang='lat' dir='ltr'>visis</span> <span class='ocrx_word' id='word_1_193' title='bbox 1682 2403 2024 2453; x_wconf 87' lang='lat' dir='ltr'>sufficientibus</span> <span class='ocrx_word' id='word_1_194' title='bbox 2060 2405 2283 2471; x_wconf 90' lang='lat' dir='ltr'>episcopo</span> <span class='ocrx_word' id='word_1_195' title='bbox 2306 2407 2433 2456; x_wconf 91' lang='lat' dir='ltr'>dicte</span> 
     </span>
     <span class='ocr_line' id='line_1_21' title="bbox 503 2491 2434 2560; baseline -0.001 -15"><span class='ocrx_word' id='word_1_196' title='bbox 503 2497 699 2546; x_wconf 89' lang='lat' dir='ltr'>ecclesie</span> <span class='ocrx_word' id='word_1_197' title='bbox 723 2499 1055 2560; x_wconf 88' lang='lat' dir='ltr'>presententur</span> <span class='ocrx_word' id='word_1_198' title='bbox 1078 2498 1127 2542; x_wconf 92' lang='lat' dir='ltr'>et</span> <span class='ocrx_word' id='word_1_199' title='bbox 1150 2510 1236 2558; x_wconf 88' lang='lat' dir='ltr'>per</span> <span class='ocrx_word' id='word_1_200' title='bbox 1258 2493 1457 2540; x_wconf 89' lang='lat' dir='ltr'>eundem</span> <span class='ocrx_word' id='word_1_201' title='bbox 1493 2492 1532 2540; x_wconf 88' lang='lat' dir='ltr'>si</span> <span class='ocrx_word' id='word_1_202' title='bbox 1568 2491 1855 2540; x_wconf 85' lang='lat' dir='ltr'>sufficientes</span> <span class='ocrx_word' id='word_1_203' title='bbox 1877 2492 2126 2541; x_wconf 84' lang='lat' dir='ltr'>videantur</span> <span class='ocrx_word' id='word_1_204' title='bbox 2148 2494 2434 2558; x_wconf 84' lang='lat' dir='ltr'>recipientur</span> 
     </span>
     <span class='ocr_line' id='line_1_22' title="bbox 503 2579 2431 2646; baseline -0.001 -12"><span class='ocrx_word' id='word_1_205' title='bbox 503 2588 563 2634; x_wconf 86' lang='lat' dir='ltr'>ad</span> <span class='ocrx_word' id='word_1_206' title='bbox 588 2587 749 2634; x_wconf 86' lang='lat' dir='ltr'>diuina</span> <span class='ocrx_word' id='word_1_207' title='bbox 786 2613 795 2623; x_wconf 92' lang='lat'><em>·</em></span> <span class='ocrx_word' id='word_1_208' title='bbox 833 2582 1067 2631; x_wconf 90' lang='lat' dir='ltr'>Volumus</span> <span class='ocrx_word' id='word_1_209' title='bbox 1090 2582 1234 2630; x_wconf 85' lang='lat' dir='ltr'>etiam</span> <span class='ocrx_word' id='word_1_210' title='bbox 1273 2581 1399 2645; x_wconf 90' lang='lat' dir='ltr'>quod</span> <span class='ocrx_word' id='word_1_211' title='bbox 1423 2580 1540 2628; x_wconf 90' lang='lat' dir='ltr'>dicti</span> <span class='ocrx_word' id='word_1_212' title='bbox 1564 2579 1812 2643; x_wconf 86' lang='lat' dir='ltr'>episcopus</span> <span class='ocrx_word' id='word_1_213' title='bbox 1846 2581 2053 2630; x_wconf 90' lang='lat' dir='ltr'>decanus</span> <span class='ocrx_word' id='word_1_214' title='bbox 2087 2586 2137 2630; x_wconf 92' lang='lat' dir='ltr'>et</span> <span class='ocrx_word' id='word_1_215' title='bbox 2172 2583 2431 2646; x_wconf 87' lang='lat' dir='ltr'>capitulum</span> 
     </span>
     <span class='ocr_line' id='line_1_23' title="bbox 504 2667 2435 2734; baseline -0.002 -10"><span class='ocrx_word' id='word_1_216' title='bbox 504 2677 721 2724; x_wconf 89' lang='lat' dir='ltr'>ordinent</span> <span class='ocrx_word' id='word_1_217' title='bbox 762 2689 903 2721; x_wconf 92' lang='lat' dir='ltr'>unum</span> <span class='ocrx_word' id='word_1_218' title='bbox 947 2673 1005 2719; x_wconf 91' lang='lat' dir='ltr'>de</span> <span class='ocrx_word' id='word_1_219' title='bbox 1047 2670 1189 2718; x_wconf 90' lang='lat' dir='ltr'>dictis</span> <span class='ocrx_word' id='word_1_220' title='bbox 1226 2668 1486 2734; x_wconf 86' lang='lat' dir='ltr'>capellanis</span> <span class='ocrx_word' id='word_1_221' title='bbox 1524 2667 1565 2717; x_wconf 91' lang='lat' dir='ltr'>si</span> <span class='ocrx_word' id='word_1_222' title='bbox 1607 2667 1823 2716; x_wconf 86' lang='lat' dir='ltr'>videatur</span> <span class='ocrx_word' id='word_1_223' title='bbox 1862 2669 2120 2732; x_wconf 88' lang='lat' dir='ltr'>expediens</span> <span class='ocrx_word' id='word_1_224' title='bbox 2159 2670 2241 2734; x_wconf 89' lang='lat' dir='ltr'>qui</span> <span class='ocrx_word' id='word_1_225' title='bbox 2281 2671 2435 2721; x_wconf 88' lang='lat' dir='ltr'>dictos</span> 
     </span>
     <span class='ocr_line' id='line_1_24' title="bbox 504 2756 2434 2828; baseline -0.001 -16"><span class='ocrx_word' id='word_1_226' title='bbox 504 2779 675 2828; x_wconf 91' lang='lat' dir='ltr'>pueros</span> <span class='ocrx_word' id='word_1_227' title='bbox 714 2766 765 2810; x_wconf 90' lang='lat' dir='ltr'>et</span> <span class='ocrx_word' id='word_1_228' title='bbox 804 2761 924 2810; x_wconf 83' lang='lat' dir='ltr'>alios</span> <span class='ocrx_word' id='word_1_229' title='bbox 961 2758 1310 2807; x_wconf 86' lang='lat' dir='ltr'>ecclesiasticos</span> <span class='ocrx_word' id='word_1_230' title='bbox 1345 2756 1732 2820; x_wconf 86' lang='lat' dir='ltr'>superuenientes</span> <span class='ocrx_word' id='word_1_231' title='bbox 1770 2760 1934 2805; x_wconf 89' lang='lat' dir='ltr'>teneat</span> <span class='ocrx_word' id='word_1_232' title='bbox 1975 2759 2314 2809; x_wconf 90' lang='lat' dir='ltr'>commensales</span> <span class='ocrx_word' id='word_1_233' title='bbox 2347 2778 2434 2824; x_wconf 92' lang='lat' dir='ltr'>pro</span> 
     </span>
     <span class='ocr_line' id='line_1_25' title="bbox 503 2845 2433 2916; baseline -0.001 -15"><span class='ocrx_word' id='word_1_234' title='bbox 503 2851 790 2916; x_wconf 89' lang='lat' dir='ltr'>competenti</span> <span class='ocrx_word' id='word_1_235' title='bbox 824 2850 978 2914; x_wconf 86' lang='lat' dir='ltr'>pretio</span> <span class='ocrx_word' id='word_1_236' title='bbox 1012 2849 1268 2897; x_wconf 88' lang='lat' dir='ltr'>secundum</span> <span class='ocrx_word' id='word_1_237' title='bbox 1303 2845 1634 2895; x_wconf 85' lang='lat' dir='ltr'>discretionem</span> <span class='ocrx_word' id='word_1_238' title='bbox 1670 2845 1903 2894; x_wconf 88' lang='lat' dir='ltr'>dictorum</span> <span class='ocrx_word' id='word_1_239' title='bbox 1938 2846 2144 2911; x_wconf 88' lang='lat' dir='ltr'>episcopi</span> <span class='ocrx_word' id='word_1_240' title='bbox 2181 2849 2347 2897; x_wconf 89' lang='lat' dir='ltr'>decani</span> <span class='ocrx_word' id='word_1_241' title='bbox 2382 2856 2433 2899; x_wconf 91' lang='lat' dir='ltr'>et</span> 
     </span>
     <span class='ocr_line' id='line_1_26' title="bbox 500 2932 2432 3005; baseline -0.001 -15"><span class='ocrx_word' id='word_1_242' title='bbox 500 2939 695 3005; x_wconf 86' lang='lat' dir='ltr'>capituli</span> <span class='ocrx_word' id='word_1_243' title='bbox 733 2966 743 2977; x_wconf 91' lang='lat'><strong>·</strong></span> <span class='ocrx_word' id='word_1_244' title='bbox 781 2939 847 2986; x_wconf 94' lang='lat' dir='ltr'>Et</span> <span class='ocrx_word' id='word_1_245' title='bbox 882 2938 922 2985; x_wconf 88' lang='lat' dir='ltr'>si</span> <span class='ocrx_word' id='word_1_246' title='bbox 956 2935 1112 2985; x_wconf 89' lang='lat' dir='ltr'>nullus</span> <span class='ocrx_word' id='word_1_247' title='bbox 1146 2936 1380 2983; x_wconf 91' lang='lat' dir='ltr'>dictorum</span> <span class='ocrx_word' id='word_1_248' title='bbox 1404 2935 1599 2982; x_wconf 91' lang='lat' dir='ltr'>duorum</span> <span class='ocrx_word' id='word_1_249' title='bbox 1624 2932 1971 2996; x_wconf 85' lang='lat' dir='ltr'>capellanorum</span> <span class='ocrx_word' id='word_1_250' title='bbox 2007 2935 2069 2982; x_wconf 89' lang='lat' dir='ltr'>ad</span> <span class='ocrx_word' id='word_1_251' title='bbox 2092 2935 2182 2984; x_wconf 93' lang='lat' dir='ltr'>hoc</span> <span class='ocrx_word' id='word_1_252' title='bbox 2215 2938 2432 2987; x_wconf 77' lang='lat' dir='ltr'>videatur</span> 
     </span>
     <span class='ocr_line' id='line_1_27' title="bbox 501 3021 2428 3087; baseline -0.001 -9"><span class='ocrx_word' id='word_1_253' title='bbox 501 3029 735 3079; x_wconf 86' lang='lat' dir='ltr'>sufficiens</span> <span class='ocrx_word' id='word_1_254' title='bbox 757 3027 1000 3074; x_wconf 89' lang='lat' dir='ltr'>ordinetur</span> <span class='ocrx_word' id='word_1_255' title='bbox 1033 3024 1154 3073; x_wconf 87' lang='lat' dir='ltr'>alius</span> <span class='ocrx_word' id='word_1_256' title='bbox 1188 3022 1460 3086; x_wconf 88' lang='lat' dir='ltr'>capellanus</span> <span class='ocrx_word' id='word_1_257' title='bbox 1492 3038 1578 3086; x_wconf 88' lang='lat' dir='ltr'>per</span> <span class='ocrx_word' id='word_1_258' title='bbox 1613 3021 1791 3070; x_wconf 89' lang='lat' dir='ltr'>dictum</span> <span class='ocrx_word' id='word_1_259' title='bbox 1823 3022 2094 3087; x_wconf 91' lang='lat' dir='ltr'>episcopum</span> <span class='ocrx_word' id='word_1_260' title='bbox 2118 3024 2345 3075; x_wconf 85' lang='lat' dir='ltr'>decanum</span> <span class='ocrx_word' id='word_1_261' title='bbox 2380 3033 2428 3078; x_wconf 90' lang='lat' dir='ltr'>et</span> 
     </span>
     <span class='ocr_line' id='line_1_28' title="bbox 501 3110 2428 3182; baseline -0.001 -16"><span class='ocrx_word' id='word_1_262' title='bbox 501 3116 757 3182; x_wconf 83' lang='lat' dir='ltr'>capitulum</span> <span class='ocrx_word' id='word_1_263' title='bbox 798 3115 878 3178; x_wconf 92' lang='lat' dir='ltr'>qui</span> <span class='ocrx_word' id='word_1_264' title='bbox 919 3113 1205 3162; x_wconf 83' lang='lat' dir='ltr'>ministrabit</span> <span class='ocrx_word' id='word_1_265' title='bbox 1252 3111 1300 3159; x_wconf 91' lang='lat' dir='ltr'>in</span> <span class='ocrx_word' id='word_1_266' title='bbox 1347 3111 1475 3159; x_wconf 84' lang='lat' dir='ltr'>dicta</span> <span class='ocrx_word' id='word_1_267' title='bbox 1517 3111 1657 3158; x_wconf 93' lang='lat' dir='ltr'>domo</span> <span class='ocrx_word' id='word_1_268' title='bbox 1697 3110 2088 3160; x_wconf 88' lang='lat' dir='ltr'>commensalibus</span> <span class='ocrx_word' id='word_1_269' title='bbox 2134 3117 2184 3161; x_wconf 92' lang='lat' dir='ltr'>et</span> <span class='ocrx_word' id='word_1_270' title='bbox 2230 3115 2428 3180; x_wconf 85' lang='lat' dir='ltr'>recipiat</span> 
     </span>
     <span class='ocr_line' id='line_1_29' title="bbox 500 3187 2428 3270; baseline -0.001 -15"><span class='ocrx_word' id='word_1_271' title='bbox 500 3205 681 3270; x_wconf 84' lang='lat' dir='ltr'>singula</span> <span class='ocrx_word' id='word_1_272' title='bbox 714 3202 937 3252; x_wconf 89' lang='lat' dir='ltr'>utensilia</span> <span class='ocrx_word' id='word_1_273' title='bbox 969 3202 1118 3250; x_wconf 90' lang='lat' dir='ltr'>totius</span> <span class='ocrx_word' id='word_1_274' title='bbox 1153 3202 1319 3249; x_wconf 90' lang='lat' dir='ltr'>domus</span> <span class='ocrx_word' id='word_1_275' title='bbox 1355 3227 1365 3238; x_wconf 94' lang='lat'><strong>·</strong></span> <span class='ocrx_word' id='word_1_276' title='bbox 1405 3200 1471 3248; x_wconf 90' lang='lat' dir='ltr'>Et</span> <span class='ocrx_word' id='word_1_277' title='bbox 1505 3215 1536 3247; x_wconf 86' lang='lat' dir='ltr'>a</span> <span class='ocrx_word' id='word_1_278' title='bbox 1567 3202 1871 3263; x_wconf 87' lang='lat' dir='ltr'>procuratore</span> <span class='ocrx_word' id='word_1_279' title='bbox 1895 3200 2091 3264; x_wconf 91' lang='lat' dir='ltr'>capituli</span> <span class='ocrx_word' id='word_1_280' title='bbox 2124 3218 2210 3265; x_wconf 91' lang='lat' dir='ltr'>per</span> <span class='ocrx_word' id='word_1_281' title='bbox 2240 3187 2428 3269; x_wconf 82' lang='lat' dir='ltr'>compo-</span> 
     </span>
     <span class='ocr_line' id='line_1_30' title="bbox 499 3287 2423 3346; baseline -0.001 -1"><span class='ocrx_word' id='word_1_282' title='bbox 499 3301 600 3346; x_wconf 88' lang='lat' dir='ltr'>tum</span> <span class='ocrx_word' id='word_1_283' title='bbox 626 3298 675 3342; x_wconf 91' lang='lat' dir='ltr'>et</span> <span class='ocrx_word' id='word_1_284' title='bbox 709 3293 757 3340; x_wconf 88' lang='lat' dir='ltr'>iu</span> <span class='ocrx_word' id='word_1_285' title='bbox 792 3291 926 3339; x_wconf 88' lang='lat' dir='ltr'>exitu</span> <span class='ocrx_word' id='word_1_286' title='bbox 950 3290 1023 3338; x_wconf 89' lang='lat' dir='ltr'>sui</span> <span class='ocrx_word' id='word_1_287' title='bbox 1047 3288 1188 3338; x_wconf 90' lang='lat' dir='ltr'>officii</span> <span class='ocrx_word' id='word_1_288' title='bbox 1212 3288 1342 3338; x_wconf 87' lang='lat' dir='ltr'>dicta</span> <span class='ocrx_word' id='word_1_289' title='bbox 1364 3287 1587 3337; x_wconf 85' lang='lat' dir='ltr'>utensilia</span> <span class='ocrx_word' id='word_1_290' title='bbox 1609 3287 1832 3336; x_wconf 89' lang='lat' dir='ltr'>reformet</span> <span class='ocrx_word' id='word_1_291' title='bbox 1855 3291 1904 3337; x_wconf 91' lang='lat' dir='ltr'>et</span> <span class='ocrx_word' id='word_1_292' title='bbox 1928 3292 2162 3341; x_wconf 87' lang='lat' dir='ltr'>restauret</span> <span class='ocrx_word' id='word_1_293' title='bbox 2185 3291 2234 3340; x_wconf 87' lang='lat' dir='ltr'>in</span> <span class='ocrx_word' id='word_1_294' title='bbox 2258 3294 2423 3344; x_wconf 88' lang='lat' dir='ltr'>eodem</span> 
     </span>
    </p>
   </div>
  </div>
 </body>
</html>
