2950 3970
656 603 1121 663 REGISTRUM
1159 611 1693 671 EPISCOPATUS
1734 618 2318 678 BRECHINENSIS.
2390 626 2494 680 221

572 792 831 841 Ciuitatem
870 796 1233 847 Brechinensem
1271 817 1330 847 ex
1367 807 1500 865 parte
1539 805 1819 853 occidentali
1844 807 2049 855 eiusdem
2090 810 2212 856 inter
2234 815 2384 859 terras
2412 813 2494 858 Ri-

573 882 706 929 cardi
748 883 924 947 Turing
963 886 1023 932 ad
1065 887 1292 935 orientem
1335 894 1383 937 et
1424 894 1575 938 terras
1616 894 1846 955 quondam
1900 894 2126 943 Willelmi
2178 898 2393 944 Fordoun
2437 901 2495 946 ad

574 971 882 1027 occidentem,
919 978 967 1021 et
1014 990 1305 1024 communem
1348 978 1468 1025 viam
1512 979 1684 1042 regiam
1727 996 1815 1042 que
1856 982 1986 1029 ducit
2031 984 2090 1029 ad
2140 984 2389 1047 Petpullox
2435 987 2494 1032 ad

573 1059 761 1106 boream
800 1064 848 1107 et
896 1062 1018 1109 viam
1067 1063 1264 1112 ecclesie
1299 1066 1359 1112 ad
1395 1070 1603 1114 austrum
1639 1072 1688 1115 et
1733 1084 1889 1116 acram
1936 1074 2060 1117 terre
2107 1072 2297 1120 arabilis
2343 1073 2492 1120 eidem

514 1172 518 1176 ›
571 1151 844 1197 tenemento
881 1151 1196 1213 pertinentem
1235 1181 1245 1191 ·
1282 1153 1553 1201 Tenendum
1594 1159 1642 1202 et
1679 1155 1943 1203 habendum
1983 1161 2135 1205 totum
2176 1163 2224 1206 et
2263 1159 2491 1221 integrum

570 1235 746 1283 dictum
772 1241 1094 1286 tenementum
1121 1255 1226 1287 cum
1251 1257 1362 1289 acra
1400 1270 1409 1279 ·
1449 1271 1458 1279 -
1498 1271 1507 1280 ·
1545 1243 1684 1291 dictis
1720 1243 1988 1307 Capellanis
2014 1245 2244 1294 Choristis
2269 1247 2493 1293 Brechin-

569 1324 759 1373 ensibus
794 1330 842 1373 et
877 1326 974 1374 suis
1010 1329 1356 1377 successoribus
1394 1358 1404 1367 ·
1442 1358 1452 1367 ·
1491 1358 1501 1367 ·
1538 1331 1584 1378 in
1621 1331 1885 1378 communia
1919 1330 2149 1394 equaliter
2180 1333 2303 1380 inter
2325 1349 2374 1380 se
2399 1335 2491 1382 dis-

567 1413 867 1461 tribuendum
893 1419 942 1462 et
966 1415 1267 1464 diuidendum
1307 1445 1317 1454 -
1355 1446 1365 1455 ·
1405 1446 1414 1454 ·
1451 1418 1499 1464 in
1531 1434 1692 1481 puram
1729 1423 1777 1466 et
1812 1424 2083 1482 perpetuam
2119 1420 2416 1468 elemosinam
2442 1422 2487 1468 in

567 1501 857 1564 proprietate
904 1503 1247 1566 imperpetuum
1295 1521 1399 1552 cum
1447 1506 1660 1554 omnibus
1706 1511 1754 1554 et
1800 1507 1993 1569 singulis
2045 1508 2342 1556 libertatibus
2380 1537 2390 1546 ·
2429 1537 2437 1548 ·
2477 1538 2486 1547 ·

566 1590 872 1638 Tenebuntur
894 1595 1053 1638 tamen
1078 1592 1194 1640 dicti
1230 1592 1462 1656 capellani
1497 1593 1694 1642 ecclesie
1719 1594 2003 1642 cathedralis
2028 1595 2356 1644 Brechinensis
2379 1598 2487 1644 cho-

564 1678 680 1726 riste
705 1683 754 1727 et
778 1680 1043 1727 communia
1067 1680 1349 1743 recipientes
1386 1685 1435 1728 et
1472 1681 1545 1730 sui
1581 1697 1874 1730 successores
1910 1682 2118 1745 quotidie
2145 1683 2379 1731 celebrare
2403 1689 2484 1731 aut

564 1766 794 1814 celebrari
817 1768 973 1815 facere
998 1769 1058 1815 ad
1082 1785 1298 1830 magnum
1323 1768 1473 1816 altare
1497 1785 1654 1817 coram
1678 1785 1860 1817 summa
1882 1770 2096 1818 trinitate
2122 1787 2257 1818 unam
2285 1772 2481 1820 Missam

565 1857 624 1903 de
646 1856 828 1919 Requie
849 1872 955 1903 cum
977 1855 1203 1905 Collectis
1226 1856 1412 1903 Inclina
1431 1857 1563 1905 Deus
1581 1857 1712 1905 cuius
1731 1857 2045 1904 misericordie
2066 1858 2293 1906 Fidelium
2311 1864 2360 1906 et
2378 1859 2483 1907 aliis

564 1944 859 1992 orationibus
883 1944 1120 1992 consuetis
1155 1961 1241 2007 pro
1279 1945 1522 1993 animabus
1547 1944 1661 1992 dicti
1686 1945 1859 1992 domini
1895 1945 2026 1992 ducis
2063 1950 2111 1992 et
2152 1946 2344 1993 Henrici
2370 1947 2482 1994 Car-

564 2032 752 2079 michell
792 2060 802 2069 ·
840 2031 905 2079 Et
930 2032 1055 2079 omni
1086 2032 1204 2080 feria
1241 2036 1380 2080 sexta
1416 2033 1672 2080 cantabunt
1696 2048 1800 2080 cum
1826 2037 1939 2080 nota
1975 2033 2167 2081 Missam
2205 2035 2261 2081 de
2299 2035 2479 2097 Requie

558 2137 643 2184 pro
668 2121 913 2168 animabus
936 2136 1094 2167 eorum
1120 2135 1176 2168 ac
1200 2120 1343 2168 etiam
1367 2135 1529 2169 omnes
1552 2119 1780 2183 capellani
1806 2121 1915 2167 dum
1940 2120 2175 2168 celebrare
2200 2122 2479 2183 contigerint

558 2209 800 2256 habebunt
826 2225 964 2255 unam
991 2208 1262 2255 memoriam
1288 2224 1372 2270 pro
1396 2209 1580 2270 prefato
1604 2208 1791 2255 domino
1815 2209 1932 2255 duce
1966 2213 2014 2254 et
2052 2209 2258 2256 Henrico
2296 2237 2305 2245 ·
2343 2210 2407 2256 Et
2431 2210 2476 2256 in

559 2297 880 2345 anniuersario
904 2312 1063 2343 eorum
1088 2297 1346 2343 cantabunt
1372 2295 1575 2343 Placebo
1599 2299 1647 2343 et
1672 2295 1834 2358 Dirige
1858 2300 1906 2343 et
1931 2295 2126 2344 Missam
2152 2297 2210 2343 de
2247 2297 2427 2359 Requie
2465 2326 2474 2334 ·

561 2387 626 2433 Et
651 2386 848 2449 quilibet
873 2384 1143 2448 capellanus
1167 2383 1247 2431 illo
1272 2384 1346 2430 die
1371 2383 1627 2431 celebrabit
1651 2388 1733 2431 aut
1757 2383 1982 2430 celebrari
2017 2384 2159 2431 faciet
2187 2383 2379 2431 Missam
2417 2386 2474 2432 de

561 2474 744 2538 Requie
783 2501 792 2511 -
831 2474 897 2520 Et
921 2476 1028 2536 post
1053 2476 1250 2520 mortem
1286 2471 1412 2519 dicte
1446 2472 1714 2533 Margarete
1741 2471 1922 2519 ducisse
1946 2470 2161 2519 similiter
2183 2471 2357 2518 facient
2381 2473 2475 2520 suf-

558 2563 708 2625 fragia
745 2578 829 2625 pro
866 2577 924 2608 ea
960 2560 1083 2608 sicut
1119 2575 1204 2622 pro
1240 2559 1424 2622 prefato
1461 2558 1647 2605 domino
1680 2559 1797 2605 duce
1839 2558 1914 2605 die
1954 2558 2257 2606 anniuersarii
2300 2560 2472 2607 domini

559 2652 693 2699 ducis
731 2679 740 2688 ·
779 2650 844 2698 Et
882 2650 921 2698 si
959 2648 1190 2712 capellani
1228 2647 1432 2696 choriste
1469 2647 1690 2694 deficiant
1715 2646 1762 2692 in
1786 2645 2099 2693 celebratione
2129 2646 2371 2693 missarum
2396 2648 2475 2694 de-

557 2741 711 2788 fectus
753 2739 1031 2788 sanxionum
1071 2753 1101 2784 a
1141 2736 1340 2785 seruicio
1380 2735 1669 2782 notabuntur
1707 2733 1908 2780 fideliter
1946 2749 2030 2795 per
2065 2733 2322 2781 scribentes
2355 2733 2472 2781 alios

559 2830 773 2877 defectus
810 2828 939 2875 chori
976 2831 1025 2874 et
1063 2824 1456 2888 presentabuntur
1479 2822 1602 2869 omni
1627 2821 1822 2869 sabbato
1859 2821 1905 2866 in
1941 2819 2145 2882 capitulo
2182 2820 2226 2866 in
2261 2821 2472 2883 preciosa

558 2919 738 2976 decano
774 2921 823 2964 et
866 2913 1072 2978 capitulo
1115 2916 1165 2960 ut
1204 2911 1495 2974 corrigantur
1534 2909 1655 2956 sicut
1697 2907 1776 2955 alii
1818 2908 2028 2955 defectus
2067 2908 2195 2955 chori
2234 2935 2243 2944 ·
2282 2908 2345 2954 Et
2385 2925 2469 2970 pro

557 3004 769 3069 quolibet
812 3004 999 3051 defectu
1037 3001 1256 3048 deficiens
1293 2997 1445 3047 soluet
1481 3001 1682 3060 quatuor
1721 2995 1938 3043 denarios
1978 2999 2027 3042 et
2069 2995 2302 3042 dabuntur
2336 2995 2473 3043 alteri

556 3095 742 3157 ydoneo
783 3091 1026 3156 capellano
1063 3090 1121 3137 ad
1162 3086 1491 3136 celebrandum
1531 3084 1699 3131 missas
1738 3083 1940 3129 nondum
1981 3081 2240 3130 celebratas
2277 3110 2286 3119 -
2325 3083 2389 3129 Et
2429 3083 2467 3130 si

556 3182 779 3229 deficiunt
803 3181 851 3227 in
875 3177 1207 3227 anniuersariis
1231 3172 1459 3238 capellani
1485 3171 1687 3219 choriste
1711 3169 1979 3233 persoluent
2001 3185 2086 3232 pro
2109 3169 2317 3233 quolibet
2340 3171 2469 3216 anni-

555 3270 765 3319 uersario
789 3267 1040 3318 tresdecim
1066 3265 1240 3314 solidos
1264 3267 1312 3310 et
1338 3264 1539 3324 quatuor
1575 3258 1793 3306 denarios
1818 3261 1867 3305 ct
1890 3257 1979 3304 hoc
2003 3257 2232 3305 communi
2258 3271 2473 3320 procura-
