2950 3970
1216 511 1674 570 TABULA.
2492 545 2566 580 xv

438 684 554 723 LXII
623 684 741 801 Cart}
758 684 921 724 Roberti
943 685 1142 803 Thffulaee
1169 699 1240 736 pro
1268 700 1310 727 oe
1337 694 1376 727 et
1403 690 1580 730 Johanne
1608 691 1816 743 Dempstar
1843 706 1958 743 super
1976 709 2100 735 annuo
2120 699 2268 737 redditu
2287 701 2378 750 xxvj
2394 714 2425 739 s.
2447 702 2508 751 viij
2524 703 2561 742 d.

745 750 768 787 8
787 749 867 789 Jul.
891 751 1004 789 1469.

418 874 566 914 LXIII.
623 876 739 916 Carta
767 876 898 991 Dagid
928 876 1090 916 Comitis
1120 878 1346 919 Craufurdie
1373 881 1421 919 de
1449 893 1576 920 annuo
1604 882 1753 922 redditu
1781 884 1828 922 de
1856 886 1967 923 terris
1985 885 2034 924 de
2053 885 2308 925 Drumkarne.
2364 885 2406 938 [3
2434 889 2554 937 April.

724 941 838 977 1472.

418 1065 562 1103 LXIV.
622 1066 739 1106 Carta
758 1065 970 1106 Alexandri
990 1066 1110 1106 Rede.
1168 1066 1236 1119 [15
1256 1067 1284 1107 J
1289 1082 1350 1107 un.
1372 1069 1504 1122 1482]

440 1191 564 1229 LXV.
619 1193 707 1231 Ano
736 1193 974 1231 Instrument
993 1193 1040 1231 of
1063 1193 1331 1244 Requisitioun
1351 1200 1394 1235 to
1414 1197 1474 1235 Sir·
1490 1198 1618 1236 Johne
1647 1198 1812 1237 Brechin
1831 1199 1891 1238 for
1910 1201 2003 1239 obiit
2022 1201 2137 1239 siluer
2156 1201 2200 1239 of
2213 1208 2252 1250 y‘
2281 1202 2503 1251 Cheplanrie
2523 1204 2566 1240 of

721 1256 836 1295 Sanct
857 1255 1015 1294 Ninian.
1073 1254 1138 1308 [11
1163 1257 1266 1295 Nov.
1289 1257 1422 1310 1483.]

414 1381 560 1419 LXVI.
616 1381 732 1421 Carta
768 1383 944 1432 magistri
975 1383 1165 1422 Johannis
1199 1383 1397 1435 Spaldyng
1432 1386 1567 1424 decani
1603 1387 1871 1426 Brechinensis
1903 1401 2016 1438 super
2053 1400 2179 1427 annuo
2214 1389 2361 1427 redditu
2398 1391 2554 1428 duarum

717 1458 944 1485 marearum.
1000 1444 1071 1497 [30
1091 1447 1188 1485 Mar.
1212 1447 1344 1499 1484.]

390 1572 557 1610 LXVII.
616 1572 732 1612 Carta
750 1574 924 1623 magistri
944 1574 1133 1612 Johannis
1154 1573 1361 1624 Spaldinge
1380 1575 1428 1613 de
1446 1576 1558 1613 terris
1578 1575 1769 1615 Fordoun.
1825 1574 1894 1627 [24
1914 1577 2010 1615 Mar.
2033 1576 2211 1628 1484-5.]

374 1697 562 1737 LXVIII.
620 1699 923 1739 Instrumentum
944 1701 1198 1749 possessionis
1217 1702 1427 1740 tenementi
1449 1702 1609 1740 Roberti
1627 1701 1809 1741 willelmi
1829 1703 2012 1753 resignati
2030 1716 2098 1752 per
2119 1703 2348 1742 Willelmum
2370 1703 2557 1741 Fordonn.

721 1760 791 1814 [28
813 1764 910 1802 Mar.
933 1762 1068 1816 1485.]

414 1888 560 1927 LXIX.
617 1890 733 1929 Carta
753 1890 864 1940 probi
884 1890 957 1929 viri
976 1890 1158 1930 Malcomi
1180 1890 1329 1931 Guthre
1349 1891 1438 1930 olim
1458 1892 1554 1931 civis
1575 1894 1853 1934 Brechinensis.
1910 1892 1977 1945 [17
2000 1895 2100 1934 Nov.
2124 1894 2255 1947 1485.]

432 2017 555 2055 LXX.
614 2017 763 2057 Saisina
783 2017 944 2056 Roberti
965 2018 1121 2057 Litstar.
1177 2016 1245 2070 [29
1267 2019 1359 2069 Maij
1385 2019 1519 2073 1487]

401 2144 545 2182 LXXI.
602 2145 708 2195 King
738 2145 871 2184 James
905 2145 989 2192 (the
1021 2144 1140 2196 third)
1176 2145 1364 2184 Chai-tour
1396 2159 1520 2197 upone
1548 2148 1612 2186 the
1640 2148 1748 2186 small
1776 2148 1959 2186 custumis
1993 2148 2049 2185 off
2076 2148 2277 2186 Brechine.
2334 2145 2400 2197 [28
2435 2147 2546 2196 April

720 2208 855 2262 1488.]

388 2334 554 2373 LXXII.
611 2335 915 2375 Instrumentum
945 2364 955 2375 .
984 2335 1048 2374 De
1081 2336 1338 2375 conventione
1366 2337 1466 2375 inter
1502 2336 1714 2376 Walterum
1747 2337 1971 2386 Monypeny
2002 2340 2042 2374 et
2077 2334 2250 2385 Guaspar
2282 2335 2464 2373 Bonciani
2497 2335 2544 2372 de

716 2399 827 2438 litera
847 2399 982 2450 Papali
999 2400 1251 2450 Impetranda.
1307 2397 1351 2451 [4
1370 2400 1398 2438 J
1403 2413 1465 2439 un.
1488 2399 1622 2452 1488.]

366 2523 556 2563 LXXIII.
613 2525 914 2564 Instrumentum
944 2554 954 2564 .
984 2526 1047 2564 De
1066 2526 1176 2565 litera
1197 2526 1326 2576 Papali
1354 2527 1393 2563 in
1421 2526 1591 2564 favorem
1621 2524 1799 2564 willelmi
1831 2525 2007 2574 Episcopi
2037 2524 2303 2562 Brechinensis
2333 2525 2543 2572 impetrata.

715 2586 758 2639 [3
778 2588 806 2627 J
809 2602 871 2627 an.
894 2589 1100 2642 1489-90.]

373 2715 558 2753 LXXIV.
612 2715 746 2755 Litera
766 2716 1036 2756 Procuratoria
1054 2729 1123 2767 per
1144 2716 1380 2756 Willelmum
1399 2717 1632 2767 Episeopum
1651 2716 1959 2754 Brechinensem.
2015 2711 2057 2764 [6
2079 2713 2168 2751 Oct.
2192 2712 2322 2763 149⁰]

390 2843 551 2880 LXXV.
608 2843 911 2882 Instrumentum
939 2844 1041 2894 quod
1070 2844 1200 2883 Dauid
1230 2843 1414 2882 Faleonar
1440 2856 1516 2881 non
1544 2843 1617 2881 fuit
1643 2853 1817 2892 possesor
1844 2840 2038 2879 cuiusdam
2065 2841 2285 2877 tenementi.
2342 2836 2422 2888 [19.
2454 2838 2540 2876 Oct.

713 2916 849 2970 1490.]

374 3044 559 3082 LXXVI.
613 3045 738 3083 Aliud
767 3045 1069 3084 Instrumentum
1099 3043 1367 3094 resignationis
1394 3043 1602 3082 tenementi
1629 3041 1657 3080 J
1662 3042 1819 3080 ohannis
1840 3040 2004 3090 Tyndell
2023 3045 2061 3078 et
2079 3039 2218 3078 Jonete
2237 3038 2442 3087 Dempstar
2461 3039 2540 3074 eius

711 3121 865 3158 sponse.
922 3105 993 3159 [20
1012 3107 1106 3158 Maij
1129 3105 1259 3159 1493.]

350 3235 555 3274 LXXVII.
612 3236 729 3275 Carta
746 3235 891 3274 domini
912 3234 1092 3273 Nicholai
1109 3234 1320 3273 Jhonsone.
1376 3230 1417 3284 [8
1438 3231 1466 3270 J
1472 3244 1533 3270 un.
1557 3230 1686 3282 1493.]
