2950 3970
483 629 557 682 24
623 627 1089 683 REGISTRUM
1126 626 1666 683 EPISGOPATUS
1707 625 2299 681 BRECHINENSIS.

488 816 672 879 Virgini
718 815 948 879 genetrici
984 815 1193 864 eiusdem
1235 830 1292 863 ac
1328 815 1408 862 uni
1449 814 1696 878 capellano
1743 814 1905 862 diuina
1939 813 2199 862 celebranti
2236 850 2246 859 .
2285 851 2294 860 .
2334 850 2343 859 .
2381 814 2427 859 in

488 905 690 953 ecclesia
725 903 985 968 parochiali
1009 904 1219 951 eiusdem
1255 905 1395 951 beate
1436 903 1591 950 Marie
1629 902 1839 966 Virginis
1874 903 1932 951 de
1959 903 2142 951 vDunde
2165 919 2251 967 pro
2275 902 2428 951 salute

489 994 644 1041 anime
679 1008 780 1040 mee
805 996 854 1039 et
879 994 1086 1039 omnium
1111 991 1372 1039 animarum
1396 991 1717 1055 predictarum
1740 991 1998 1039 duodecem
2016 1007 2201 1040 marcas
2216 990 2433 1039 annualis

487 1081 700 1129 redditus
727 1080 970 1128 annuatim
1006 1079 1234 1128 leuandas
1266 1080 1325 1127 de
1350 1079 1492 1128 terris
1523 1079 1642 1128 meis
1673 1080 1732 1127 de
1766 1078 2036 1142 Melginche
2061 1081 2119 1128 de
2154 1081 2356 1143 Bagraw
2379 1083 2429 1127 et

488 1171 546 1217 de
582 1169 851 1216 molendino
884 1168 1078 1216 baronie
1114 1169 1173 1216 de
1206 1168 1474 1231 Melginche
1503 1168 1774 1230 jacentibus
1808 1168 1931 1216 infra
1962 1169 2341 1217 vicecomitatum
2373 1168 2431 1215 de

492 1259 638 1305 Perth
663 1259 724 1305 ad
750 1259 867 1306 duos
891 1258 1002 1304 anni
1037 1257 1266 1321 terminos
1289 1261 1540 1305 consuetos
1564 1257 1907 1305 Penthecostes
1929 1256 2014 1305 viz.
2039 1261 2088 1305 et
2112 1257 2279 1305 Sancti
2303 1257 2433 1303 Mar-

488 1347 578 1394 tini
603 1347 649 1393 in
675 1347 843 1409 hyeme
880 1380 892 1393 .
930 1382 940 1392 .
978 1382 988 1392 .
1026 1327 1276 1393 Tenendas
1299 1349 1349 1393 et
1372 1345 1615 1393 habendas
1639 1345 1792 1393 dictas
1816 1345 2074 1394 duodecem
2102 1360 2285 1394 marcas
2321 1381 2332 1392 .
2371 1380 2382 1392 .
2418 1378 2431 1391 .

490 1435 705 1499 predicto
729 1433 974 1498 capellano
993 1434 1073 1498 qui
1096 1449 1182 1498 pro
1204 1438 1418 1497 tempore
1435 1433 1579 1482 fuerit
1602 1433 1651 1480 111
1673 1432 1871 1481 liberam
1893 1449 2059 1497 puram
2083 1437 2132 1482 et
2155 1437 2432 1497 perpetuam

491 1523 784 1572 elimosinam
821 1560 832 1570 .
870 1560 879 1570 .
919 1561 928 1570 .
966 1522 1070 1571 volo
1085 1523 1229 1572 etiam
1267 1557 1277 1567 .
1315 1557 1326 1569 .
1365 1559 1374 1569 .
1411 1523 1535 1586 quod
1559 1521 1978 1585 quotienscumque
2013 1557 2023 1568 .
2062 1558 2072 1568 .
2109 1557 2120 1568 .
2158 1521 2336 1570 dictum
2355 1537 2432 1569 ca-

491 1616 730 1680 pellanum
767 1648 776 1658 .
815 1647 824 1658 .
863 1647 873 1657 .
911 1612 1138 1660 decedere
1157 1627 1241 1660 seu
1259 1627 1321 1659 ex
1343 1610 1503 1674 aliqua
1520 1626 1664 1659 causa
1687 1609 1958 1658 rationabili
1974 1626 2005 1658 a
2023 1610 2152 1658 dicta
2169 1609 2432 1674 capellania

493 1703 702 1753 amoueri
727 1700 991 1763 contigerit.
1063 1700 1258 1748 Extunc
1291 1700 1491 1748 heredes
1516 1699 1607 1746 mei
1645 1734 1655 1745 .
1693 1734 1705 1745 .
1742 1735 1751 1744 .
1789 1698 1912 1746 infra
1933 1714 2142 1747 mensem
2166 1715 2196 1746 a
2218 1703 2431 1763 tempore

491 1790 751 1840 vacationis
769 1790 980 1838 eiusdem
997 1787 1141 1836 alium
1161 1787 1453 1851 capellanum
1472 1788 1707 1851 ydoneum
1743 1823 1753 1833 .
1791 1822 1803 1834 .
1839 1822 1852 1834 .
1888 1787 2108 1851 episcopo
2124 1786 2433 1836 Brechinensi

493 1880 567 1928 vel
592 1881 770 1927 decano
795 1883 843 1926 et
868 1876 1077 1941 capitulo
1111 1878 1223 1925 sede
1247 1880 1446 1924 vacante
1478 1879 1752 1939 presentent
1786 1875 2132 1924 admittendum
2169 1912 2180 1922 .
2217 1912 2228 1922 .
2265 1912 2275 1922 .
2312 1875 2435 1924 cele-

492 1972 735 2018 braturum
757 1985 863 2016 cum
886 1969 977 2016 hoc
995 1967 1140 2015 etiam
1159 1967 1346 2014 adiecto
1366 1967 1491 2030 quod
1511 1967 1667 2015 dictus
1685 1966 1957 2030 capellanus
1993 2003 2004 2014 .
2042 2003 2051 2014 .
2089 2003 2099 2013 .
2137 1967 2348 2030 quotidie
2366 1967 2435 2013 in-

492 2059 631 2108 tersit
656 2058 850 2121 singulis
873 2058 1002 2105 horis
1025 2056 1199 2104 diuinis
1232 2056 1279 2103 in
1304 2056 1434 2104 dicta
1458 2055 1660 2104 ecclesia
1685 2056 1861 2104 Sancte
1887 2056 2042 2104 Marie
2067 2057 2126 2103 de
2152 2056 2325 2104 Dunde
2348 2056 2432 2103 viz.

494 2148 741 2197 matutinis
759 2146 914 2194 missis
938 2145 1146 2208 vesperis
1164 2149 1213 2192 et
1237 2144 1344 2193 aliis
1366 2145 1495 2193 horis
1513 2145 1553 2193 si
1578 2161 1668 2208 que
1693 2143 1788 2192 sint
1807 2148 1968 2208 presto
1992 2144 2167 2192 ibidem
2191 2145 2436 2193 coadiutu-

495 2253 574 2286 rus
610 2237 659 2284 111
685 2236 858 2283 diuinis
883 2234 1132 2282 cantandis
1156 2238 1206 2282 et
1233 2233 1444 2296 legendis
1468 2249 1574 2281 cum
1606 2237 1735 2281 nota.
1807 2233 1968 2280 Etiam
2002 2232 2108 2281 volo
2133 2237 2182 2281 et
2216 2250 2302 2297 per
2334 2250 2440 2297 pre-

494 2330 654 2375 sentes
673 2325 838 2373 ordino
856 2324 981 2387 quod
1006 2323 1162 2371 dictus
1180 2322 1453 2386 capellanus
1489 2359 1499 2368 .
1536 2358 1546 2368 .
1586 2358 1596 2368 .
1633 2321 1844 2385 quolibet
1870 2322 1946 2369 die
1969 2321 2123 2370 feriali
2150 2321 2337 2371 intersit
2356 2322 2436 2370 uni

495 2421 635 2468 misse
661 2420 719 2466 de
738 2417 948 2481 requiem
971 2418 1033 2464 ad
1056 2416 1208 2464 altare
1232 2417 1362 2464 beati
1388 2415 1580 2478 Georgii
1606 2414 1822 2463 Martiris
1844 2414 1893 2461 in
1916 2414 2133 2478 predicta
2155 2414 2356 2463 ecclesia
2379 2415 2437 2462 de

496 2510 670 2557 Dunde
693 2509 812 2556 hora
834 2523 959 2555 nona
983 2506 1077 2554 diei
1101 2521 1300 2553 unacum
1327 2505 1500 2553 ceteris
1525 2503 1783 2568 capellanis
1805 2519 1891 2567 per
1913 2519 1988 2551 me
2013 2503 2060 2550 in
2085 2504 2215 2551 dicta
2237 2503 2440 2552 ecclesia

495 2597 707 2646 fundatis
723 2612 810 2660 pro
825 2595 978 2644 salute
1002 2594 1157 2642 anime
1173 2610 1275 2642 mee
1294 2598 1342 2641 et
1368 2594 1573 2642 omnium
1590 2593 1848 2641 animarum
1869 2591 2186 2655 predictarum
2202 2608 2308 2640 cum
2326 2596 2441 2640 nota

498 2686 745 2734 cantande.
818 2685 883 2732 Et
909 2684 1032 2747 quod
1057 2683 1106 2730 in
1125 2699 1264 2731 cursu
1287 2698 1372 2731 suo
1390 2686 1531 2746 prout
1555 2682 1646 2730 sibi
1669 2680 1898 2728 incumbit
1917 2680 2093 2728 dictam
2117 2681 2308 2729 missam
2333 2697 2439 2729 011111

498 2779 614 2822 nota
648 2776 823 2821 cantet.
895 2772 961 2819 Et
1000 2772 1040 2820 si
1077 2788 1218 2835 super
1258 2771 1350 2820 hiis
1387 2770 1628 2834 negligens
1667 2769 1810 2817 fuerit
1852 2769 1925 2817 vel
1961 2769 2010 2816 in
2047 2768 2318 2817 visitatione
2359 2770 2442 2817 ob-

500 2868 632 2911 stans
656 2865 871 2925 repertus
893 2860 1056 2908 licebit
1080 2860 1333 2909 heredibus
1364 2859 1482 2908 meis
1506 2859 1650 2907 alium
1675 2859 1909 2922 ydoneum
1935 2856 2228 2920 capellanum
2251 2873 2441 2920 presen-

498 2956 602 2999 tare
627 2954 675 2998 et
700 2949 877 2997 dictum
902 2949 1091 3011 penitus
1111 2965 1345 2996 amouere.
1415 2947 1540 2996 Volo
1565 2947 1709 2994 etiam
1735 2947 1859 3010 quod
1884 2962 1913 2993 a
1937 2945 2066 2994 dicto
2090 2945 2333 3009 capellano
2357 2963 2442 3010 per

502 3039 706 3102 aliquem
753 3037 978 3084 heredum
1025 3053 1234 3084 meorum
1281 3035 1426 3084 nichil
1471 3036 1661 3100 penitus
1707 3035 1925 3098 exigatur
1970 3039 2130 3097 preter
2175 3035 2438 3083 orationum

502 3126 722 3188 suffragia
746 3126 1036 3172 denotarum.
1109 3125 1175 3172 Et
1204 3126 1327 3189 quod
1354 3112 1756 3188 ‘quandocumque
1792 3123 1969 3170 dictum
2004 3122 2297 3187 capellanum
2334 3162 2344 3171 .
2382 3162 2393 3172 .
2430 3162 2439 3171 .

502 3217 563 3263 ad
594 3214 782 3277 aliquod
819 3212 947 3260 aliud
983 3213 1259 3261 beneficium
1284 3213 1656 3262 ecclesiasticum
1693 3212 1945 3275 contigerit
1980 3212 2245 3275 promoueri
2278 3214 2440 3261 statim

500 3296 749 3368 postquam
778 3302 891 3348 illud
923 3302 1187 3364 perceperit
1217 3303 1348 3351 dicta
1381 3301 1644 3365 capellania
1678 3301 1878 3349 vacabit.
1952 3301 2154 3364 Insuper
2189 3300 2294 3349 volo
2331 3338 2341 3348 .
2379 3338 2388 3348 .
2426 3339 2435 3348 .
