2950 3970
553 611 587 662 8
731 613 1195 671 REGISTRUM
1232 617 1770 674 EPISCOPATUS
1811 619 2401 674 BRECHINENSIS.

555 797 705 846 lorum
747 800 879 849 Petri
919 807 968 851 et
1008 804 1146 852 Pauli
1184 821 1309 853 anno
1346 806 1520 853 Gracie
1555 805 1805 854 millesimo
1839 822 1913 854 cco
1952 808 2245 870 sexagesimo
2284 807 2487 871 septimo

558 886 780 937 Testibus
826 891 1017 939 domino
1066 892 1310 941 Willelmo
1366 894 1425 940 de
1473 893 1665 948 Arrath,
1708 893 1926 943 Gilberto
1971 910 2172 958 persona
2219 897 2276 943 de
2326 894 2487 950 Adall,

554 974 590 1021 J
593 975 776 1024 ohanne
800 977 986 1027 Blundo
1005 979 1208 1043 Hugone
1226 980 1374 1028 fratre
1393 996 1480 1029 suo
1495 979 1607 1028 Flik
1626 981 1809 1030 Thema
1827 982 1978 1030 Louel
1995 987 2045 1031 et
2068 983 2176 1031 aliis
2213 1012 2223 1021 ·

558 1185 840 1235 Mandatum
864 1191 1238 1240 conseruationis
1260 1190 1351 1239 fori
1377 1192 1712 1240 Brechinensis
1734 1207 1764 1239 a
1790 1193 2002 1240 Roberto
2028 1193 2208 1255 Bruyss
2242 1193 2491 1241 Scotorum

555 1290 664 1336 rege

519 1454 529 1464 .
563 1386 840 1470 Robertus
863 1422 958 1470 Dei
979 1424 1134 1486 gratia
1171 1425 1280 1471 Rex
1305 1425 1556 1472 Scotorum
1584 1423 1967 1486 [vicecomitibus
1990 1427 2064 1490 et]
2102 1423 2290 1472 balliuis
2312 1424 2410 1472 suis
2433 1425 2491 1487 de

555 1510 724 1557 Forfar
757 1511 958 1559 salutem
994 1512 1126 1561 vobis
1167 1529 1254 1576 per
1293 1518 1542 1576 presentes
1583 1513 1781 1561 firmiter
1821 1512 2087 1561 inhibemus
2127 1529 2187 1560 ne
2232 1512 2384 1560 forum
2431 1514 2490 1560 de

555 1599 789 1647 Brechine
825 1600 872 1647 in
911 1599 1070 1662 [cuius
1109 1601 1358 1667 libertate]
1407 1606 1457 1649 et
1504 1602 1797 1666 possessione
1839 1602 2022 1649 diutina
2061 1616 2185 1648 nunc
2220 1605 2331 1649 sunt
2372 1601 2495 1664 epis-

554 1703 700 1751 copus
740 1693 789 1736 et
832 1689 1048 1736 canonici
1088 1689 1287 1738 ecclesie
1329 1690 1663 1738 Brechinensis
1702 1694 1752 1737 et
1792 1690 1865 1738 sui
1906 1689 2097 1736 fuerunt
2139 1689 2495 1752 predecessores

553 1793 583 1824 a
605 1777 744 1840 longo
766 1783 906 1840 prout
941 1794 1003 1825 ex
1032 1778 1261 1827 relatione
1294 1779 1386 1826 fide
1421 1779 1563 1841 digna
1593 1778 1893 1842 concepimus
1932 1776 2041 1839 [aut
2076 1777 2284 1841 aliquas]
2312 1778 2493 1824 march-

519 1849 525 1855 *
553 1866 721 1914 audias
744 1866 919 1914 ibidem
945 1868 1236 1916 exercendas
1262 1866 1336 1930 [in
1359 1867 1545 1933 aliquo]
1581 1866 1790 1930 grauetis
1816 1866 2104 1930 perturbetis
2126 1865 2200 1913 vel
2224 1866 2493 1929 impediatis

554 1954 695 2002 aliter
735 1970 875 2018 quam
917 1955 966 2002 in
1006 1956 1158 2003 forma
1199 1955 1460 2004 communis
1487 1955 1676 2017 justitie
1717 1960 1911 2018 propter
1953 1970 2270 2018 quascumque
2309 1954 2497 2004 litteras

556 2059 585 2089 a
618 2043 755 2090 nobis
790 2043 989 2092 forsitan
1035 2044 1316 2108 impetratas
1355 2045 1596 2108 hucusque
1631 2044 1706 2091 vel
1741 2045 1799 2091 de
1837 2049 1997 2092 cetero
2036 2042 2406 2109 [impetrandas]
2446 2046 2494 2091 in

556 2132 868 2195 preiudicium
901 2134 1158 2180 eorundem
1228 2133 1289 2180 In
1323 2133 1456 2182 cuius
1497 2133 1566 2180 rei
1604 2132 1927 2180 testimonium
1968 2133 2056 2180 has
2090 2131 2276 2181 litteras
2310 2138 2496 2181 nostras

558 2220 689 2269 vobis
719 2222 1039 2270 ostendendas
1074 2238 1218 2285 penes
1243 2222 1371 2285 ipsos
1397 2222 1668 2284 episcopum
1703 2225 1753 2268 et
1777 2221 2029 2268 canonicos
2056 2236 2107 2267 re
2139 2236 2383 2269 mansuras
2405 2221 2495 2269 sibi

557 2309 658 2356 fieri
695 2310 893 2358 fecimus
933 2308 1204 2375 [patentes]
1248 2309 1427 2374 Datum
1464 2310 1589 2372 apud
1629 2307 1886 2370 Striueling
1922 2308 2124 2371 septimo
2165 2308 2242 2357 die
2274 2309 2495 2358 Octobris

558 2413 682 2446 anno
705 2399 835 2461 regni
859 2398 1009 2446 nostri
1032 2399 1239 2447 secundo
1264 2427 1274 2435 ·

560 2623 707 2670 Carta
767 2621 966 2669 Roberti
1027 2621 1193 2670 Bruiss
1238 2637 1379 2684 super
1426 2620 1724 2668 immunitate
1771 2622 2006 2666 terrarum
2052 2623 2101 2667 et
2147 2622 2492 2683 possessionum

560 2711 768 2774 episcopi
816 2714 864 2758 et
911 2709 1107 2772 capituli
1154 2709 1489 2757 Brechinensis
1534 2708 1594 2755 ab
1637 2707 1763 2756 omni
1804 2707 1998 2755 servitio
2039 2712 2088 2755 et
2129 2709 2379 2757 exactione
2420 2726 2492 2758 se—

561 2798 708 2846 culari
735 2827 744 2836 -

531 2993 537 3001 ‚
570 2910 846 2990 Robertus
870 2941 964 2988 Dei
987 2941 1141 3003 gratia
1165 2941 1275 2987 Rex
1300 2940 1549 2988 Scotorum
1566 2938 1846 3000 justiciariis
1868 2938 2222 2987 vicecomitibus
2244 2940 2493 3002 burgorum

563 3030 815 3095 prepositis
848 3033 897 3076 et
933 3045 1093 3076 eorum
1127 3027 1316 3076 balliuis
1350 3027 1613 3090 ceterisque
1648 3026 1876 3074 ministris
1909 3030 1959 3073 et
1994 3025 2209 3075 fidelibus
2235 3029 2410 3078 nostris
2432 3033 2492 3078 ad

564 3136 682 3184 quos
716 3121 962 3182 presentes
994 3116 1133 3164 litere
1170 3120 1332 3164 nostre
1369 3114 1673 3178 peruenerint
1715 3113 1918 3163 salutem
1955 3113 2184 3164 Nolentes
2218 3117 2369 3164 secuti
2404 3135 2491 3167 nec

566 3208 790 3256 debemus
812 3206 934 3269 quod
959 3209 1087 3252 terre
1122 3204 1321 3252 ecclesie
1346 3202 1682 3252 Brechinensis
1716 3218 1807 3266 que
1843 3202 2064 3266 episcopo
2099 3204 2279 3252 decano
2303 3208 2492 3255 canoni-

567 3297 636 3345 cis
670 3299 753 3343 aut
788 3292 1045 3357 capellanis
1079 3293 1288 3341 eiusdem
1325 3291 1523 3341 ecclesie
1558 3291 1870 3340 communiter
1900 3294 1984 3339 aut
2020 3291 2208 3341 diuisim
2243 3294 2291 3341 in
2326 3311 2489 3357 puram
