2950 3970
645 644 1109 703 REGISTRUM
1146 649 1683 709 EPISCOPATUS
1723 655 2309 713 BRECHINENSIS.
2367 662 2435 715 15

506 867 653 914 Carta
676 867 852 915 domini
879 869 1081 916 Roberti
1107 870 1295 933 Erskyn
1330 873 1388 919 de
1422 874 1567 921 tertia
1591 879 1725 937 parte
1750 877 1891 922 annui
1917 878 2129 925 redditus
2164 879 2222 925 de
2258 879 2428 926 Dunde

504 959 554 1002 et
580 955 856 1003 Petcarach.

416 1096 478 1142 12
510 1067 710 1147 Dauid
735 1100 830 1148 Dei
846 1102 1002 1162 gratia
1020 1118 1105 1149 rex
1127 1104 1375 1152 Scotorum
1412 1142 1422 1152 .
1460 1143 1469 1152 .
1511 1142 1520 1152 .
1559 1107 1734 1156 Sciatis
1752 1124 1837 1156 nos
1862 1109 2044 1156 dedisse
2063 1108 2348 1156 concessisse
2374 1113 2422 1154 et

500 1187 590 1234 hac
613 1189 822 1251 presenti
846 1194 981 1238 carta
1005 1195 1168 1239 nostra
1190 1193 1487 1242 confirmasse
1514 1194 1726 1243 Roberto
1751 1197 1808 1242 de
1839 1196 2054 1258 Erskyne
2089 1195 2227 1242 militi
2253 1194 2425 1242 dilecto

499 1275 758 1325 bachilario
800 1282 963 1326 nostro
1001 1279 1195 1327 tertiam
1235 1285 1418 1343 partem
1454 1282 1603 1330 totius
1636 1283 1778 1330 annui
1803 1283 2015 1331 redditus
2037 1283 2171 1331 nobis
2195 1283 2342 1330 debiti
2368 1284 2423 1329 de

499 1364 645 1427 burgo
679 1366 739 1414 de
775 1365 948 1414 Dunde
972 1382 1060 1414 nec
1083 1383 1176 1415 non
1211 1372 1260 1416 et
1293 1369 1490 1416 terciam
1514 1374 1694 1432 partem
1730 1371 1879 1420 totius
1911 1375 2036 1418 terre
2071 1372 2129 1418 de
2167 1371 2424 1418 Petcarach

499 1469 607 1501 cum
642 1454 945 1517 pertinentiis
971 1455 1118 1516 juxta
1138 1456 1331 1504 dictum
1355 1458 1551 1520 burgum
1584 1458 1707 1506 infra
1739 1459 2117 1508 vicecomitatum
2152 1460 2210 1506 de
2246 1460 2425 1507 Forfar.

499 1542 560 1591 In
605 1542 775 1606 quibus
811 1544 999 1607 quidem
1046 1544 1203 1593 tertiis
1247 1545 1641 1608 partibusannui
1674 1547 1886 1595 redditus
1931 1551 1979 1595 et
2024 1551 2150 1595 terre
2191 1547 2422 1610 quondam

495 1631 530 1677 J
533 1630 743 1680 ohannes
777 1631 1007 1695 Campbel
1040 1648 1198 1681 comes
1233 1633 1427 1681 Atholie
1464 1635 1832 1697 consanguineus
1861 1639 2023 1683 noster
2056 1651 2139 1698 per
2174 1637 2426 1682 reuerende

496 1719 720 1768 memorie
756 1720 997 1768 dominum
1031 1721 1378 1784 progenitorem
1413 1726 1623 1770 nostrum
1664 1723 1931 1771 infeodatus
1976 1723 2066 1770 fuit
2112 1723 2426 1771 infeodatione

495 1807 685 1856 talliata
708 1809 958 1858 Tenendas
982 1814 1031 1857 et
1054 1810 1296 1859 habendas
1320 1811 1474 1859 dictas
1495 1812 1665 1859 tertias
1688 1816 1848 1874 partes
1870 1812 2013 1859 annui
2037 1811 2248 1859 redditus
2283 1815 2424 1873 atque

496 1901 623 1945 terre
658 1913 764 1945 cum
800 1898 1016 1946 omnibus
1039 1902 1101 1946 ³et
1135 1898 1330 1962 singulis
1363 1899 1663 1948 libertatibus
1698 1900 2110 1948 commoditatibus
2151 1900 2426 1947 asiamentis

496 2001 553 2032 ac
569 1986 715 2047 justis
738 1986 1040 2049 pertinentiis
1061 1988 1360 2050 presentibus
1394 1991 1443 2035 et
1477 1988 1648 2036 futuris
1670 1989 1772 2036 sine
1797 1989 2109 2036 retinemento
2132 1987 2206 2035 vel
2231 1988 2428 2034 diminu-

496 2074 627 2122 tione
651 2090 946 2138 quacumque
970 2076 1030 2123 de
1053 2075 1189 2124 nobis
1223 2080 1273 2123 et
1307 2076 1558 2124 heredibus
1580 2078 1754 2126 nostris
1789 2077 1918 2124 dicto
1944 2077 2154 2124 Roberto
2177 2076 2427 2123 heredibus

497 2163 600 2212 suis
617 2168 668 2212 et
690 2164 788 2213 suis
810 2165 1064 2226 assignatis
1098 2164 1466 2228 quibuscumque
1490 2165 1537 2211 in
1560 2165 1699 2212 feodo
1723 2169 1772 2212 et
1795 2165 2058 2212 hereditate
2083 2164 2424 2226 imperpetuum

495 2251 643 2300 libere
666 2252 877 2316 plenarie
913 2256 963 2300 et
998 2253 1171 2316 quiete.
1243 2253 1414 2315 Itaque
1451 2252 1662 2301 volumus
1696 2257 1744 2300 et
1780 2268 2000 2315 expresse
2024 2252 2324 2300 concedimus
2344 2267 2427 2314 per

495 2345 740 2404 presentes
764 2342 889 2405 quod
912 2340 1056 2389 liceat
1080 2342 1280 2388 eundem
1317 2341 1577 2389 Robertum
1602 2341 1840 2404 predictas
1863 2344 2022 2404 partes
2045 2341 2186 2388 annui
2215 2340 2423 2387 redditus

495 2434 545 2478 et
568 2434 694 2479 terre
718 2446 825 2478 cum
859 2430 1159 2493 pertinentiis
1182 2429 1460 2477 omnimodis
1483 2434 1536 2477 ut
1571 2429 1944 2492 prenominatum
1969 2432 2041 2477 est
2061 2429 2124 2475 ad
2157 2443 2425 2490 quamcum-

495 2535 586 2583 que
621 2535 811 2568 manum
846 2523 1078 2567 mortuam
1115 2518 1379 2581 religiosam
1414 2517 1487 2566 vel
1522 2517 1778 2566 secularem
1804 2517 1915 2564 dare
1949 2516 1989 2565 si
2024 2515 2136 2563 velit
2171 2519 2219 2563 et
2254 2516 2422 2578 imper-

494 2612 690 2672 petuum
713 2608 966 2671 assignare.
1038 2607 1301 2654 Reddendo
1335 2606 1443 2653 inde
1480 2605 1634 2652 dictus
1658 2605 1897 2652 Robertus
1931 2608 1980 2651 et
2013 2604 2208 2651 heredes
2242 2603 2313 2651 sui
2337 2617 2419 2650 seu

494 2696 721 2760 assignati
755 2696 1036 2760 quicumque
1052 2695 1202 2743 ¹nobis
1229 2699 1278 2742 et
1313 2694 1563 2742 heredibus
1586 2692 1760 2740 nostris
1794 2707 1935 2739 unum
1971 2691 2213 2738 denarium
2238 2691 2419 2752 argenti

494 2786 620 2849 apud
644 2785 814 2833 Forfar
836 2784 886 2831 in
907 2785 1031 2832 festo
1057 2783 1398 2831 Pentheccstes
1420 2781 1665 2830 annuatim
1685 2780 1872 2828 nomine
1895 2778 2001 2827 alb'e
2023 2779 2154 2826 firme
2173 2780 2213 2828 si
2231 2783 2421 2842 petatur

493 2890 580 2938 pro
603 2873 731 2922 omni
752 2873 988 2921 forinseco
1011 2871 1208 2920 seruitio
1232 2870 1327 2918 alio
1361 2869 1435 2918 vel
1458 2868 1657 2918 seculari
1694 2868 1924 2916 demanda
1947 2882 2037 2931 que
2060 2867 2230 2915 exinde
2254 2867 2419 2930 imper-

494 2967 688 3026 petuum
711 2961 840 3024 exigi
862 2959 1054 3009 valeant
1075 2975 1160 3008 seu
1183 2958 1357 3022 requiri
1382 2958 1441 3005 In
1477 2957 1608 3005 cuius
1631 2956 1698 3003 rei
1721 2955 2039 3004 testimonium
2062 2954 2268 3018 presenti
2292 2959 2420 3002 carte

494 3055 654 3100 nostre
689 3049 896 3113 sigillum·
919 3052 1140 3097 mostrum
1174 3046 1468 3110 precepimus
1491 3059 1493 3061 ’
1513 3044 1685 3107 apponi
1719 3043 1812 3091 hiis
1845 3043 2047 3091 testibus
2081 3042 2418 3090 venerabilibus

494 3139 543 3188 in
567 3139 726 3188 Cristo
748 3137 964 3202 patribus
989 3134 1232 3183 Willelmo
1266 3133 1487 3197 episcopo
1512 3131 1849 3180 Sanctiandree
1885 3135 1934 3178 et
1971 3130 2179 3178 Patricio
2203 3130 2420 3194 episcopo

497 3226 805 3276 Brechinensi
827 3224 1113 3274 cancellario
1147 3226 1308 3271 nostro
1346 3221 1558 3269 Roberto
1593 3221 1755 3268 Sewer
1776 3218 2031 3267 secretario
2054 3221 2214 3265 nostro
2248 3218 2417 3265 comite

494 3316 709 3364 Stthurd.
760 3313 1091 3378 [Stratherne]
1140 3314 1312 3374 nepote
1367 3313 1529 3357 nostro
1591 3308 1772 3356 Thoma
1830 3305 2075 3356 senescalli
2131 3305 2301 3353 comite
2357 3307 2414 3353 de
