2950 3970
508 647 583 701 54
647 645 1110 702 REGISTRUM
1148 642 1684 698 EPISCOPATUS
1725 640 2315 696 BRECHINENSIS.

514 834 781 883 exilitatem
818 836 1155 896 cognoscentes
1178 835 1227 880 et
1249 835 1434 879 attente
1470 829 1822 878 considerantes
1858 856 1869 867 ·
1906 828 2135 878 Nolentes
2158 829 2206 876 id
2230 829 2355 892 quod
2379 829 2441 875 ad
2492 876 2495 878 ,

516 923 610 971 Dei
650 927 699 971 et
737 923 1048 971 Sacrosancte
1073 920 1271 969 ecclesie
1304 919 1483 967 cultum
1523 918 1652 966 cedit
1686 918 1896 965 minuere
1933 916 2009 965 vel
2049 917 2259 981 quolibet
2297 917 2442 979 impe-

512 1011 612 1058 dire
635 1026 794 1073 ymmo
824 1010 984 1073 potius
1014 1008 1342 1057 concessiones
1365 1006 1633 1069 hujusmodi
1657 1010 1891 1070 quatenus
1915 1006 1976 1053 ad
1999 1021 2084 1054 nos
2109 1010 2295 1070 spectat
2314 1009 2442 1053 eate-

518 1114 608 1147 nus
631 1097 918 1146 adminiculo
947 1098 1108 1145 fouere
1142 1095 1354 1160 possibili
1390 1095 1636 1159 cupientes
1658 1094 1940 1158 prelibatam
1974 1094 2221 1143 ecclesiam
2247 1095 2304 1141 de
2328 1094 2442 1141 Cor-

516 1187 694 1249 touchy
718 1201 825 1234 cum
849 1186 1063 1234 omnibus
1089 1190 1138 1233 et
1162 1184 1356 1248 singulis
1391 1184 1654 1233 redditibus
1689 1183 1831 1232 terris
1853 1182 2227 1246 possessionibus
2244 1197 2443 1245 prouen-

513 1264 892 1323 tibus'fructibus
917 1274 1283 1323 obuencionibus
1307 1273 1502 1322 decimis
1524 1272 1780 1320 maioribus
1814 1275 1864 1320 et
1898 1271 2156 1319 minoribus
2190 1270 2371 1318 iuribus
2393 1274 2442 1317 et

514 1362 813 1426 pertinentiis
858 1362 1090 1411 uniuersis
1135 1363 1345 1411 eiusdem
1394 1361 1593 1410 ecclesie
1634 1360 1833 1424 prefatis
1880 1361 2060 1408 decano
2109 1363 2158 1407 et
2202 1358 2442 1406 canonicis

517 1451 715 1500 ecclesie
739 1450 1027 1500 cathedralis
1045 1451 1381 1499 Brechinensis
1399 1450 1497 1498 Dei
1515 1453 1565 1498 et
1584 1450 1759 1497 Sancte
1779 1448 2028 1496 Trinitatis
2045 1446 2443 1510 contemplatione

513 1543 792 1603 paupertate
816 1543 866 1588 et
890 1539 1109 1588 exilitate
1134 1540 1364 1587 dictorum
1392 1538 1721 1587 canonicorum
1756 1535 2022 1584 luculenter
2043 1534 2232 1598 cognita
2256 1536 2314 1582 de
2334 1550 2444 1583 con—

514 1645 653 1677 sensu
676 1633 726 1676 et
749 1643 944 1677 assensu
967 1627 1163 1691 capituli
1181 1628 1331 1676 nostri
1350 1626 1685 1675 Brechinensis
1708 1627 1769 1673 ad
1793 1626 1883 1673 hoc
1906 1624 2179 1688 specialiter
2196 1625 2442 1673 convocati

516 1723 564 1766 et
599 1717 857 1766 solenniter
893 1717 1160 1780 congregati
1200 1716 1529 1778 conjunximus
1565 1714 1844 1763 anneximus
1867 1717 1916 1761 et
1939 1713 2174 1761 uniuimus
2197 1728 2254 1761 ac
2275 1717 2441 1761 tenore

514 1806 747 1869 presentis
783 1809 914 1853 carte
948 1809 1110 1854 nostre
1145 1804 1469 1868 conjungimus
1505 1802 1802 1852 annectimus
1825 1806 1874 1850 et
1904 1803 2091 1850 unimus
2125 1803 2194 1850 ita
2229 1803 2352 1865 quod
2377 1803 2440 1850 sit

519 1912 623 1942 cum
663 1894 914 1957 contigerit
956 1894 1195 1942 dominum
1246 1892 1539 1941 Willelmum
1587 1893 1646 1939 de
1683 1891 1932 1953 Heslyhop
1966 1906 2090 1938 nunc
2127 1895 2356 1938 rectorem
2393 1895 2441 1937 et

519 1983 744 2031 vicarium
772 1982 898 2030 dicte
922 1982 1121 2031 ecclesie
1139 1983 1198 2030 de
1217 1981 1489 2044 Cortouchy
1506 1981 1659 2028 eidem
1683 1981 1851 2028 cedere
1877 1978 1949 2027 vel
1972 1980 2032 2027 ab
2051 1979 2216 2027 eadem
2241 1979 2442 2027 ecclesia

515 2071 743 2118 decedere
779 2074 895 2118 tunc
933 2071 1072 2118 cedat
1109 2070 1213 2133 ipsa
1247 2069 1449 2118 ecclesia
1472 2070 1531 2116 de
1556 2068 1827 2130 Cortouchy
1850 2067 1899 2114 in
1923 2083 2034 2116 usus
2057 2067 2272 2130 proprios
2311 2072 2444 2115 ante-

516 2161 748 2208 dictorum
786 2160 952 2207 decani
990 2164 1039 2207 et
1077 2158 1272 2223 capituli
1307 2163 1356 2206 et
1394 2158 1725 2206 canonicorum
1774 2156 1983 2204 eiusdem
2035 2156 2157 2203 adeo
2205 2155 2352 2204 libere
2391 2162 2439 2204 et

514 2250 672 2311 quiete
709 2248 985 2296 durabiliter
1025 2248 1206 2311 integre
1244 2251 1294 2295 et
1335 2247 1530 2311 pacifice
1568 2275 1578 2284 ·
1618 2274 1628 2284 ·
1667 2273 1678 2283 ·
1714 2244 1837 2293 sicut
1871 2243 2031 2307 aliqua
2071 2243 2274 2293 ecclesia
2319 2245 2442 2293 infra

512 2353 704 2399 regnum
724 2337 890 2385 Scocie
907 2336 1100 2385 liberius
1137 2365 1147 2374 ·
1187 2364 1196 2374 ·
1236 2364 1246 2374 ·
1282 2336 1551 2399 possidetur
1588 2363 1597 2372 ·
1638 2363 1648 2372 -
1687 2362 1697 2372 ·
1734 2333 1802 2381 Et
1826 2334 1951 2397 quod
1971 2333 2134 2380 eodem
2160 2348 2274 2381 casu
2296 2333 2439 2382 liceat

514 2426 691 2474 eisdem
709 2426 888 2473 decano
907 2430 956 2474 et
974 2425 1214 2474 canonicis
1231 2441 1316 2489 per
1338 2441 1388 2473 se
1412 2424 1532 2472 alios
1555 2423 1630 2471 vel
1651 2422 1796 2470 alium
1820 2421 2163 2485 possessionem
2181 2428 2440 2472 memorate

516 2514 713 2562 ecclesie
737 2515 914 2562 intrare
939 2519 988 2562 et
1011 2529 1114 2562 eam
1151 2542 1161 2551 ·
1201 2542 1211 2552 -
1251 2542 1261 2551 ·
1296 2518 1461 2562 tenere
1485 2528 1589 2560 cum
1616 2510 1831 2560 omnibus
1847 2510 2035 2572 juribus
2059 2514 2108 2558 et
2136 2511 2440 2573 pertinenciis

516 2608 655 2666 prout
674 2603 886 2667 superius
900 2607 973 2652 est
992 2619 1267 2666 expressum
1294 2601 1440 2651 Salua
1462 2605 1512 2649 et
1527 2603 1772 2648 reseruata
1787 2598 2012 2662 pensione
2029 2602 2259 2662 perpetua
2277 2600 2438 2648 decem

514 2687 736 2739 librarum
771 2691 949 2740 usualis
982 2695 1170 2739 monete
1218 2690 1384 2739 Scocie
1429 2705 1534 2737 cum
1583 2689 1721 2736 domo
1765 2687 1890 2734 tofta
1929 2690 1978 2734 et
2019 2686 2171 2735 crofta
2203 2690 2441 2738 consuetis

515 2781 690 2828 vicario
727 2780 853 2827 dicte
877 2779 1074 2827 ccclesie
1112 2779 1192 2843 qui
1228 2795 1315 2843 pro
1347 2782 1561 2841 tempore
1583 2776 1726 2824 fuerit
1748 2791 1833 2838 per
1856 2775 2084 2822 decanum
2108 2779 2157 2822 et
2182 2776 2438 2839 capitulum

514 2870 734 2932 episcopo
758 2869 1072 2932 presentando
1095 2872 1203 2931 post
1220 2883 1401 2916 cessum
1421 2866 1494 2913 vel
1521 2866 1763 2912 decessum
1788 2862 1904 2910 dicti
1924 2862 2100 2910 domini
2127 2863 2356 2912 Willelmi
2382 2867 2439 2913 de

517 2957 777 3005 redditibus
801 2957 1007 3005 eiusdem
1037 2956 1235 3005 ecclesie
1274 2972 1359 3019 pro
1393 2947 1479 3003 sua
1513 2951 1861 3002 sustentacionc
1885 2966 1970 3014 per
1992 2951 2216 2998 decanum
2242 2957 2291 3000 et
2315 2955 2441 3017 capi-

516 3046 667 3093 tulum
691 3045 930 3092 reddenda
964 3048 1012 3092 et
1049 3061 1133 3108 per
1155 3046 1305 3108 ipsum
1331 3043 1557 3091 vicarium
1581 3039 1776 3103 singulis
1799 3039 1934 3086 annis
1957 3039 2228 3102 recipienda
2264 3069 2274 3078 ·
2309 3043 2344 3088 J
2347 3044 2440 3090 uri-

517 3135 603 3182 bus
643 3149 752 3180 vero
793 3133 1135 3196 episcopalibus
1172 3133 1422 3180 ordinariis
1460 3134 1510 3179 et
1546 3127 2004 3177 archidiaconatibus
2040 3143 2125 3190 per
2161 3128 2338 3177 dictum
2375 3133 2440 3178 vi-
2487 3178 2490 3181 ,

517 3223 693 3269 carium
718 3222 776 3268 de
800 3221 903 3284 ipsa
925 3221 1149 3283 pensione
1173 3221 1414 3268 annuatim
1439 3217 1762 3282 pei-soluendis
1785 3217 2070 3264 sustentatio
2093 3221 2251 3264 autem
2267 3223 2316 3266 et
2341 3236 2438 3266 om-

516 3310 706 3357 nimoda
738 3308 975 3371 reparatio
1000 3309 1126 3356 dicte
1150 3309 1347 3357 ecclesie
1371 3312 1468 3356 tam
1495 3310 1633 3354 extra
1656 3320 1793 3368 qnam
1819 3304 1941 3351 infra
1963 3305 2182 3366 expensis
2206 3305 2437 3356 dictorum
