2950 3970
503 635 616 691 220
668 637 1133 694 REGISTRUM
1172 640 1711 697 EPISOOPATUS
1753 642 2346 698 BRECHINENSIS.

505 826 662 889 Cupro
690 854 699 863 ·
722 826 757 873 J
761 827 970 876 ohannes
987 829 1134 877 abbas
1153 830 1211 876 de
1231 830 1389 893 Cupro
1412 830 1576 878 ffrater
1593 831 1801 879 Thomas
1820 831 2052 878 Schauvel
2075 832 2288 895 superior
2305 831 2437 893 [sub-

502 914 631 977 prior
642 915 687 980 ἱὶ]
715 916 773 962 de
798 915 956 979 Cupro
974 917 1138 965 ffrater
1156 917 1315 965 Dauid
1339 919 1574 982 Monquer
1591 919 1741 966 frater
1762 918 2032 968 Willelmus
2053 919 2256 982 Wrycht
2274 920 2437 967 ffrater

506 1002 751 1052 Walterus
776 1004 993 1053 Bunchss
1014 1005 1179 1054 ffrater
1205 1005 1475 1055 Willelmus
1512 1007 1724 1056 Arowiss
1763 1007 1912 1054 frater
1934 1006 1968 1054 J
1972 1007 2181 1056 ohannes
2206 1009 2437 1056 Proctour

502 1091 665 1139 ffrater
699 1091 974 1140 Alexander
1016 1093 1230 1141 Bernard
1272 1094 1436 1143 ffrater
1479 1095 1720 1144 Robertus
1761 1095 2031 1144 Thomsoun
2071 1095 2220 1144 frater
2257 1096 2437 1143 Rober-

502 1184 580 1229 tus
617 1180 814 1243 Mul-ray
836 1181 1000 1229 ffrater
1021 1182 1055 1228 J
1060 1182 1268 1230 ohannes
1308 1182 1504 1231 Walcar
1537 1183 1701 1232 ffrater
1725 1183 2000 1231 Alexander
2033 1183 2252 1231 Hettoun
2274 1183 2437 1231 ffrater

505 1268 751 1316 Walterus
790 1269 918 1317 Gent
953 1270 1104 1318 frater
1135 1271 1168 1317 J
1174 1270 1350 1319 acobus
1387 1271 1572 1320 Pitlour
1605 1272 1769 1320 ffrater
1807 1271 2053 1320 Walterus
2086 1271 2251 1334 Doray
2273 1271 2438 1319 ffrater

503 1357 667 1404 Dauid
693 1357 846 1420 Barry
868 1357 1018 1405 frater
1043 1358 1286 1408 Robertus
1311 1360 1470 1407 Burch
1511 1389 1519 1397 -

450 1578 479 1607 *e
504 1556 651 1604 Carta
695 1558 966 1620 Margarete
1009 1559 1307 1622 Carmychell
1348 1561 1532 1609 ducisse
1576 1561 1759 1608 Montis
1794 1576 2002 1609 rosarum
2037 1561 2166 1608 facta
2208 1561 2266 1608 de
2306 1564 2437 1608 tene-

502 1650 662 1693 mento
686 1646 920 1695 Choristis
943 1646 1142 1696 ecclesie
1165 1648 1453 1697 cathedralis
1491 1649 1821 1697 Brechinensis
1858 1677 1867 1686 ·

381 1801 474 1847 111
514 1768 785 1851 Omnibus
831 1803 952 1850 hanc
1000 1807 1180 1850 cartam
1229 1803 1397 1852 visuris
1436 1803 1510 1851 vel
1549 1805 1785 1853 audituris
1828 1805 2104 1868 Margareta
2151 1805 2435 1852 Carmcihell

503 1890 692 1939 ducissa
739 1890 1133 1938 Montisrosarum
1185 1918 1197 1929 ·
1250 1919 1259 1928 ·
1313 1919 1323 1928 ·
1377 1892 1618 1941 Noueritis
1664 1909 1739 1940 me
1787 1893 1833 1940 in
1880 1893 2067 1941 laudem
2115 1898 2164 1942 et
2211 1893 2433 1941 honorem

503 1980 678 2027 Sancte
703 1983 751 2027 et
777 1979 1026 2026 Individue
1052 1979 1302 2028 Trinitatis
1319 1996 1405 2043 pro
1423 1979 1576 2028 salute
1595 1981 1856 2029 animarum
1884 1981 2286 2030 Excellentissimi
2309 1983 2435 2045 prin-

502 2068 620 2131 cipis
643 2069 879 2131 quondam
902 2067 1076 2115 Jacobi
1100 2068 1232 2115 tertii
1258 2068 1504 2116 Scotorum
1545 2069 1690 2132 Regis
1726 2069 2042 2118 Illustrissimi
2077 2074 2127 2118 et
2165 2071 2434 2134 Margarete

499 2157 656 2219 regine
681 2155 842 2204 Scotie
870 2156 1103 2204 consortis
1137 2171 1220 2204 sue
1256 2161 1305 2204 et
1346 2157 1661 2220 prosperitate
1699 2159 2071 2207 metuendissimi
2112 2159 2288 2208 domini
2329 2176 2436 2208 nos-

498 2245 561 2292 tri
588 2245 733 2307 Regis
757 2244 968 2292 moderni
991 2244 1165 2292 Jacobi
1203 2245 1360 2308 quarti
1386 2245 1533 2308 Regis
1570 2246 1819 2295 Scotorum
1856 2251 2206 2297 antecessorum
2246 2253 2294 2296 et
2333 2266 2436 2296 suc--

499 2348 736 2381 cessorum
780 2336 967 2380 suorum
1011 2336 1061 2380 et
1101 2348 1186 2395 pro
1223 2332 1379 2381 salute
1417 2335 1663 2382 reuerendi
1702 2336 1750 2382 in
1789 2335 1945 2385 Cristo
1986 2337 2137 2400 patris
2172 2342 2221 2386 et
2257 2339 2433 2385 domini

502 2421 731 2469 Willelmi
758 2421 983 2485 Episcopi
1009 2421 1355 2476 Brechinensis,
1393 2438 1478 2485 pro
1515 2422 1762 2487 saluteque
1799 2424 1954 2473 anime
1989 2425 2161 2474 nobilis
2199 2427 2431 2490 quondam

499 2511 585 2558 viri
624 2510 784 2558 Dauid
824 2509 936 2558 olim
977 2510 1110 2559 ducis
1135 2510 1531 2559 Montisrosarum
1570 2516 1618 2559 et
1654 2512 1841 2560 comitis
1872 2512 2150 2561 Craufurdie
2188 2542 2198 2551 ·
2237 2514 2431 2562 Necnon

497 2617 582 2663 pro
606 2599 758 2648 salute
782 2599 939 2647 anime
962 2599 1198 2662 quondam
1222 2599 1433 2662 magistri
1460 2599 1658 2647 Henrici
1683 2599 1967 2648 Carmichell
1990 2600 2102 2649 olim
2129 2601 2351 2651 Rectoris
2374 2604 2432 2649 de

499 2690 708 2738 Lethnot
743 2692 793 2736 et
827 2688 1088 2735 animarum
1117 2687 1268 2750 patris
1303 2691 1351 2735 et
1389 2687 1554 2736 matris
1578 2704 1680 2735 mee
1705 2692 1753 2735 et
1778 2688 1984 2736 omnium
2008 2689 2214 2738 fidelium
2240 2691 2432 2738 defunc-

495 2782 652 2826 torum
676 2781 725 2825 et
748 2776 971 2840 precipue
995 2791 1155 2823 eorum
1180 2775 1385 2822 omnium
1425 2775 1594 2839 quibus
1632 2792 1838 2839 unquam
1877 2777 2063 2826 debitor
2098 2778 2167 2826 fui
2203 2783 2252 2826 et
2286 2795 2432 2842 penes

496 2882 614 2930 quos
636 2864 907 2929 aliqualiter
929 2864 977 2911 in
1001 2864 1090 2911 hoc
1114 2864 1289 2911 mundo
1314 2863 1490 2927 deliqui
1514 2868 1564 2911 et
1589 2865 1647 2911 de
1672 2880 1831 2911 eorum
1857 2865 1992 2913 bonis
2026 2864 2430 2930 qualitercumque

494 2955 636 3003 habui
674 2959 723 3002 et
761 2953 1006 3000 emendam
1030 2952 1310 3015 condignam
1333 2969 1425 2999 non
1458 2952 1668 3009 satisfeci
1706 2952 1892 3002 dedisse
1930 2954 2216 3003 concessisse
2255 2959 2304 3002 et
2341 2955 2430 3002 hac

495 3042 704 3106 presenti
741 3045 876 3090 carta
913 3055 1020 3088 mea
1056 3040 1356 3089 confirmasse
1394 3067 1404 3078 ·
1428 3041 1454 3099 j·
1493 3069 1503 3078 -
1541 3041 1667 3088 dicte
1702 3045 1865 3089 sancte
1889 3045 1938 3088 et
1962 3041 2202 3090 indiuidue
2225 3043 2429 3091 trinitati

494 3148 551 3180 ac
575 3130 831 3194 capellanis
855 3128 1076 3177 choristis
1098 3133 1148 3176 et
1173 3129 1439 3177 communia
1463 3120 1801 3192 iecipientibus
1839 3129 1885 3176 in
1924 3130 2068 3178 choro
2106 3130 2305 3179 ecclesie
2342 3119 2431 3178 Ca-

492 3217 724 3268 thedralis
774 3217 1107 3267 BrechInensis
1152 3216 1314 3265 diuina
1360 3217 1514 3264 officia
1560 3217 1734 3265 cotidie
1781 3216 2129 3267 celebrantibus
2175 3224 2224 3267 et
2270 3235 2429 3267 eorum

494 3306 841 3356 successoribus
879 3333 888 3344 -·
929 3333 938 3342 -
977 3333 987 3342 ·
1023 3308 1179 3353 totum
1216 3308 1265 3353 et
1289 3305 1522 3367 integrum
1560 3321 1714 3353 meum
1753 3309 2075 3354 tenementum
2106 3307 2273 3369 jacens
2310 3308 2431 3355 infra
