2950 3970
565 570 1040 626 REGISTRUM
1080 571 1616 628 EPISCOPATUS
1659 575 2245 635 BRECHINENSIS.
2301 583 2407 636 185

478 762 716 823 quondam
740 759 831 807 fuit
854 761 886 806 J
892 761 1088 808 ohannis
1115 760 1317 809 Walteri
1336 762 1526 823 jacente
1551 779 1610 808 ex
1635 767 1768 825 parte
1793 765 2070 813 occidentali
2106 767 2282 814 venelle
2307 785 2394 831 que

479 848 657 895 dicitur
692 847 737 896 le
775 849 885 896 hors
922 851 1061 912 wynd
1101 850 1225 898 inter
1261 854 1435 898 terram
1470 852 1704 913 quondam
1731 851 1934 899 Simonis
1959 853 2154 914 Lytstar
2181 856 2240 900 ad
2276 856 2398 902 occi-

482 938 670 985 dentem
710 954 769 984 ex
809 942 943 1000 parte
982 955 1075 985 una
1109 943 1156 985 et
1192 937 1418 985 venellam
1457 938 1742 986 antedictam
1778 940 1838 986 ad
1875 939 2100 987 orientem
2140 969 2149 977 -
2186 942 2310 989 Item
2340 943 2396 989 de

480 1029 755 1073 tenemento
790 1026 962 1072 Jacobi
1001 1027 1058 1072 de
1102 1027 1460 1088 Fodrynghame
1501 1027 1660 1073 decem
1699 1026 1871 1075 solidos
1906 1029 2046 1075 annui
2082 1029 2292 1077 redditus
2326 1031 2398 1090 ja-

477 1118 619 1162 cente
643 1115 691 1160 in
719 1113 1018 1176 Ergaylisgat
1039 1115 1246 1161 eiusdem
1271 1115 1403 1177 burgi
1423 1132 1482 1161 ex
1502 1119 1636 1178 parte
1654 1115 1830 1162 boreali
1849 1116 2055 1164 eiusdem
2075 1117 2197 1164 inter
2224 1122 2395 1165 terram

484 1202 653 1265 Fynlai
678 1203 736 1249 de
761 1202 887 1249 Fern
911 1203 970 1248 ad
997 1203 1288 1249 occidentem
1313 1219 1372 1249 ex
1399 1220 1491 1250 una
1514 1207 1562 1250 et
1586 1207 1760 1250 terram
1782 1203 1979 1251 Roberti
2004 1204 2061 1250 de
2078 1204 2200 1251 Fern
2223 1206 2281 1251 ad
2308 1205 2397 1251 ori-

479 1296 638 1339 entem
688 1307 749 1337 ex
790 1290 943 1337 altera
989 1290 1202 1353 partibus
1252 1319 1260 1326 -
1310 1291 1433 1337 Item
1481 1292 1538 1336 de
1588 1294 1858 1337 tenemento
1905 1292 2135 1353 quondam
2182 1292 2397 1353 Symonis

475 1382 682 1442 Lytstar
719 1379 1030 1443 quadraginta
1067 1379 1283 1425 denarios
1322 1378 1461 1425 annui
1502 1378 1711 1425 redditus
1740 1377 1928 1438 jacente
1964 1378 2009 1425 in
2051 1379 2095 1425 le
2140 1380 2397 1441 Murragait

480 1469 599 1516 dicti
640 1469 775 1531 burgi
821 1483 882 1516 ex
929 1471 1065 1531 parte
1113 1466 1307 1515 australi
1353 1466 1562 1513 eiusdem
1598 1466 1722 1512 inter
1754 1469 1928 1512 terram
1965 1466 2190 1513 Willelmi
2226 1468 2302 1528 Gy
2335 1468 2394 1514 ad

483 1557 781 1606 occidentem
828 1560 877 1603 et
931 1560 1107 1603 terram
1160 1553 1390 1602 Willelmi
1450 1555 1506 1600 de
1555 1554 1677 1599 Fern
1724 1554 1783 1599 ad
1830 1553 2055 1600 orientem
2106 1582 2115 1591 ·
2166 1556 2288 1602 Item
2337 1556 2393 1601 de

482 1649 756 1694 tenemento
793 1646 1028 1708 quondam
1067 1643 1196 1690 Petri
1237 1643 1350 1690 Soet
1386 1642 1581 1704 triginta
1615 1643 1731 1689 duos
1766 1641 1980 1688 denarios
2014 1642 2153 1688 annui
2188 1641 2397 1688 redditus

478 1736 671 1796 jacente
695 1734 744 1780 in
766 1733 812 1781 le
839 1733 1033 1795 Welgat
1069 1749 1128 1779 ex
1166 1735 1300 1795 parte
1337 1729 1552 1778 orientali
1577 1730 1782 1777 eiusdem
1819 1729 1940 1776 inter
1973 1734 2145 1776 terram
2172 1728 2395 1774 Willelmi

485 1823 644 1870 Smert
680 1839 740 1869 ex
774 1825 911 1886 parte
946 1820 1124 1869 boreali
1159 1837 1220 1867 ex
1258 1823 1392 1882 parte
1417 1835 1509 1865 una
1544 1822 1592 1865 et
1625 1822 1797 1865 terram
1837 1816 2062 1864 Willelmi
2102 1817 2299 1862 Masoun
2338 1832 2394 1861 ex

484 1917 621 1975 parte
662 1910 859 1960 australi
894 1927 956 1958 ex
990 1914 1125 1974 parte
1161 1908 1313 1957 altera
1349 1935 1359 1944 ·
1397 1909 1468 1955 Ac
1504 1907 1646 1954 etiam
1687 1904 1939 1967 capellanis
1981 1903 2306 1950 canonicorum
2350 1908 2397 1948 et

484 2000 727 2064 perpetuis
750 1998 1007 2063 capellanis
1043 1998 1171 2045 chori
1207 1996 1404 2045 ecclesie
1430 1992 1726 2042 Cathedralis
1752 1992 2080 2039 Brechinensis
2103 1991 2214 2037 inibi
2241 1991 2397 2036 diuina

482 2089 834 2137 celebrantibus
874 2092 923 2136 et
963 2087 1304 2151 imperpetuum
1353 2082 1658 2131 celebraturis
1703 2085 1853 2128 totum
1902 2083 1950 2126 et
1996 2079 2223 2140 integrum
2270 2083 2400 2123 tene-

484 2182 694 2226 mentum
736 2192 891 2224 meum
925 2177 1093 2237 jacens
1133 2191 1194 2222 ex
1234 2178 1370 2238 parte
1411 2170 1690 2219 occidentali
1732 2167 1988 2216 communis
2018 2167 2105 2213 vici
2141 2165 2247 2212 ville
2285 2166 2397 2211 Bre-

484 2266 722 2314 chinensis
756 2265 881 2314 inter
914 2269 1088 2312 terram
1123 2263 1156 2309 J
1162 2261 1358 2310 ohannis
1394 2259 1592 2307 Talzour
1639 2274 1699 2304 ex
1740 2259 1873 2319 parte
1908 2254 2082 2302 boreali
2117 2255 2175 2300 ab
2217 2270 2308 2299 una
2348 2257 2395 2299 et

483 2361 660 2403 terram
684 2355 717 2402 J
722 2353 920 2402 ohannis
944 2354 1002 2400 de
1027 2350 1325 2413 Buthergask
1348 2364 1406 2396 ex
1433 2351 1566 2410 parte
1585 2343 1779 2393 australi
1804 2360 1863 2390 ex
1888 2342 2038 2390 altera
2061 2342 2269 2404 partibus
2292 2356 2395 2387 cum

483 2449 716 2497 uniuersis
762 2452 812 2495 et
858 2445 1052 2508 singulis
1097 2444 1193 2492 suis
1242 2440 1538 2506 pertinentiis
1592 2467 1602 2476 ·
1653 2437 1943 2484 Celebrando
1988 2435 2185 2498 predicti
2232 2439 2280 2480 et
2326 2434 2394 2480 sui

481 2552 781 2586 successores
815 2536 864 2583 in
900 2534 1113 2598 predicta
1149 2529 1422 2579 Cathedrali
1465 2527 1678 2574 Ecclesia
1719 2524 2022 2572 Brechinensi
2062 2539 2145 2585 pro
2186 2522 2394 2584 predicto

481 2629 756 2674 tenemento
797 2640 903 2671 cum
944 2620 1242 2686 pertinentiis
1282 2617 1521 2666 annuatim
1565 2616 1611 2661 in
1654 2612 1859 2676 qualibet
1901 2611 2159 2659 ebdomada
2204 2608 2395 2671 singulis

482 2714 621 2762 annis
666 2714 1009 2776 imperpetuum
1039 2711 1108 2756 «ad
1151 2708 1300 2756 altare
1343 2705 1494 2754 sancti
1537 2701 1810 2750 Christoferi
1855 2700 1901 2746 in
1942 2698 2152 2762 predicta
2198 2696 2393 2744 ecclesia

482 2805 710 2852 situatum
761 2816 900 2848 unam
943 2799 1128 2846 missam
1170 2797 1250 2843 viz.
1292 2795 1340 2841 in
1379 2793 1453 2840 die
1491 2790 1671 2838 veneris
1709 2790 1766 2835 de
1803 2791 1967 2835 sancta
1999 2801 2134 2833 cruce
2175 2800 2258 2847 pro
2299 2784 2396 2830 ani-

485 2893 651 2940 mabus
697 2890 789 2937 mei
823 2889 858 2935 J
862 2887 1058 2936 ohannis
1098 2882 1339 2936 antedicti,
1389 2881 1656 2941 Margarete
1697 2891 1865 2939 sponse
1904 2890 2021 2928 mee,
2056 2872 2256 2920 omnium
2293 2887 2394 2933 pre-

485 2982 767 3043 scriptorum
821 2981 868 3024 et
922 2975 1127 3023 omnium
1179 2970 1383 3018 fidelium
1436 2967 1758 3014 defunctorum
1815 2961 2053 3025 perpetuis
2107 2959 2394 3022 temporibus

485 3068 658 3116 futuris
707 3095 716 3103 -
765 3066 967 3128 Insuper
1001 3060 1201 3125 predicti
1241 3055 1468 3120 capellani
1504 3057 1553 3100 et
1588 3067 1744 3099 eorum
1791 3063 2082 3099 successores
2125 3050 2231 3110 post
2275 3062 2395 3094 mor-

484 3162 582 3205 tem
618 3170 771 3203 meam
805 3151 1047 3201 annuatim
1084 3153 1133 3196 et
1168 3147 1505 3209 imperpetuum
1540 3140 1718 3188 obitum
1741 3154 1893 3185 meum
1929 3137 1977 3183 in
2011 3135 2086 3182 die
2120 3134 2276 3182 obitus
2303 3133 2393 3179 mei

483 3243 792 3307 solempniter
832 3239 1135 3288 celebrabunt
1174 3233 1389 3282 faciendo
1426 3228 1671 3277 seruicium
1707 3226 2008 3289 exequiarum
2046 3237 2151 3270 cum
2188 3220 2398 3269 omnibus
