2950 3970
592 633 1056 690 REGISTRUM
1095 635 1632 692 EPISCOPATUS
1674 637 2267 697 BRECHINENSIS.
2321 644 2427 698 143

487 823 721 886 quondam
744 823 951 872 tenentis
975 824 1125 873 nostri
1162 825 1325 872 Dauid
1367 825 1624 888 Dempstar
1647 826 1706 874 de
1730 826 2010 876 Ouchterles
2034 828 2210 876 factam
2235 833 2284 876 et
2308 844 2418 877 con-

488 926 670 959 cessam
686 912 946 960 reuerendo
961 912 1009 959 in
1025 912 1182 962 Cristo
1197 914 1322 977 patri
1338 914 1372 960 J
1375 914 1549 961 011311111
1569 914 1791 977 episcopo
1807 915 2116 964 Brechinensi
2133 932 2273 979 super
2286 917 2424 965 terris

489 1000 548 1047 de
592 999 866 1063 Tempilhill
905 1001 963 1048 de
1006 1001 1191 1049 Kethik
1222 1002 1365 1064 juxta
1406 1001 1654 1066 Brechyne
1690 1018 1794 1050 cum
1838 1019 1931 1051 una
1970 1008 2101 1052 certa
2140 1004 2276 1067 pecia
2298 1008 2422 1052 terre

481 1074 675 1151 jacente
707 1088 852 1150 juxta
877 1089 1054 1136 Villam
1080 1091 1138 1137 de
1164 1090 1382 1153 Dalgady
1406 1106 1511 1138 cum
1536 1090 1751 1139 domibus
1773 1091 1909 1140 tostis
1940 1095 1989 1139 et
2027 1092 2193 1140 croftis
2230 1096 2279 1140 et
2316 1092 2421 1140 aliis

487 1177 792 1241 pertinentiis
830 1178 1198 1242 quibuscumque
1226 1207 1235 1216 -
1264 1207 1274 1217 ·
1303 1207 1312 1216 ·
1338 1179 1600 1242 inspexisse
1627 1207 1637 1217 ·
1666 1207 1675 1217 ·
1704 1207 1714 1216 ·
1739 1180 1825 1227 sub
1866 1179 1955 1227 hac
2000 1180 2152 1228 forma
2177 1208 2187 1217 ·
2216 1208 2225 1218 ·
2253 1209 2263 1219 ·
2291 1179 2420 1241 [vide

490 1266 578 1314 No.
627 1266 717 1332 70]
747 1295 758 1304 -
787 1294 796 1305 ·
825 1295 835 1304 ·
863 1267 1209 1330 Quamquidem
1256 1271 1436 1315 cartam
1464 1295 1473 1304 ·
1502 1295 1512 1304 ·
1541 1295 1550 1305 ·
1577 1267 1623 1314 in
1664 1267 1879 1315 omnibus
1906 1295 1915 1305 ·
1944 1295 1953 1305 ·
1981 1295 1991 1305 ·
2019 1268 2327 1316 Ratificamus
2364 1284 2418 1315 ac

487 1371 574 1418 pro
601 1355 738 1403 nobis
761 1359 810 1403 et
834 1355 1182 1403 successoribus
1219 1355 1393 1403 nostris
1430 1383 1439 1392 ·
1479 1383 1488 1392 ·
1528 1383 1538 1392 ·
1574 1355 1926 1418 imperpetuum,
1953 1356 2278 1404 confirmamus
2316 1384 2325 1393 ·
2363 1357 2421 1402 In

488 1443 622 1491 cuius
645 1444 713 1491 rei
736 1443 1059 1492 testimonium
1094 1443 1204 1491 huic
1239 1444 1447 1507 presenti
1471 1447 1601 1491 carte
1637 1447 1796 1491 nostre
1821 1444 2186 1492 confirmationis
2211 1443 2421 1507 Sigillum

486 1538 700 1582 nostrum
725 1549 971 1582 commune
1007 1537 1080 1581 est
1108 1549 1365 1596 appensum
1400 1533 1524 1596 apud
1562 1532 1826 1594 Torfechyn
1861 1531 2082 1580 vicesimo
2106 1533 2310 1580 secundo
2345 1532 2419 1578 die

486 1623 663 1671 mensis
678 1622 883 1685 Augusti
899 1637 1023 1670 311110
1044 1621 1240 1669 Domini
1259 1620 1507 1668 millesimo
1527 1620 1986 1683 quadringentesimo
2004 1620 2384 1683 quinquagesimo
2412 1648 2420 1657 ·

488 1712 711 1761 Testibus
748 1711 983 1773 Magistro
1017 1711 1051 1757 J
1055 1710 1238 1758 ohanne
1278 1708 1507 1756 Willelmi
1544 1707 1730 1756 officiali
1761 1707 2077 1756 Brechinense
2101 1707 2299 1756 dominis
2326 1708 2416 1754 Mi-

486 1800 650 1849 (1113919
668 1801 727 1848 (19
747 1801 945 1863 Benyne
965 1798 1140 1847 vicario
1159 1799 1217 1845 de
1238 1797 1503 1859 Torfechyn
1523 1795 1795 1844 Alexandro
1815 1797 1991 1844 Thome
2010 1796 2184 1844 vicario
2208 1796 2265 1843 de
2285 1795 2415 1844 Stro-

485 1891 651 1939 cathro
673 1890 708 1937 J
712 1890 897 1938 ohanne
923 1887 1114 1937 Fowlar
1137 1886 1382 1951 capellano
1419 1884 1662 1932 Willelmo
1687 1888 1736 1932 et
1757 1883 1998 1932 Willelmo
2035 1883 2274 1931 Crannoth
2312 1884 2417 1930 Μ3-

482 1979 643 2043 gistris
665 1979 715 2026 in
739 1978 921 2026 artibus
935 1978 970 2025 J
972 1977 1155 2024 ohanne
1175 1976 1233 2023 de
1251 1974 1488 2022 Meldrum
1514 1974 1662 2021 fratre
1682 1972 1857 2020 domini
1882 1972 2070 2019 Andree
2095 1973 2151 2019 de
2180 1973 2228 2018 M
2235 1971 2413 2019 eldrum

484 2067 651 2116 militis
677 2095 688 2105 ·
715 2067 782 2114 Et
805 2066 838 2112 J
843 2066 1027 2114 ohanne
1053 2066 1239 2112 Bouere
1264 2063 1322 2110 de
1346 2063 1582 2110 Frertoun
1607 2060 1868 2123 Armigeris
1892 2076 1995 2108 cum
2020 2059 2181 2108 multis
2203 2059 2309 2108 aliis
2345 2088 2354 2097 ·

554 2155 642 2217 [In
681 2156 834 2211 dors0‚
878 2154 1056 2209 Quinto
1082 2152 1198 2214 Maij
1225 2159 1273 2198 3Ο
1307 2150 1436 2197 1542
1459 2150 1671 2213 product.
1696 2149 1833 2198 Judi‘.
1869 2151 1917 2195 91
1955 2147 2134 2196 admiss.
2170 2163 2255 2211 per
2288 2148 2414 2195 Dn‘m

486 2245 786 2309 Superiorem
824 2272 834 2282 ·
873 2243 935 2290 R.
962 2241 1209 2290 Collesone
1235 2238 1437 2303 Scriba]

488 2445 770 2507 Preceptum
806 2442 929 2505 regis
964 2442 1022 2488 de
1057 2438 1388 2488 obseruatione
1424 2440 1653 2484 metarum
1690 2435 1813 2482 inter
1835 2434 2103 2497 episcopum
2130 2433 2414 2481 Brechinen-

487 2548 588 2580 sem
612 2536 662 2580 91
686 2529 1006 2595 portionarios
1030 2529 1088 2576 de
1115 2528 1338 2575 Menmur
1374 2553 1384 2563 ·

401 2688 464 2736 72
497 2655 549 2731 J
554 2702 685 2735 ames
720 2687 780 2733 119
817 2701 877 2748 ye
915 2699 1054 2747 grace
1093 2682 1144 2730 of
1179 2681 1284 2728 God
1322 2679 1461 2741 kinge
1499 2677 1552 2726 of
1583 2675 1762 2724 Scottis
1784 2674 1842 2722 til
1866 2691 1953 2722 our
1975 2675 2134 2723 schref
2151 2675 2219 2723 off
2247 2676 2413 2722 Forfar

488 2776 583 2824 and
607 2775 682 2824 his
704 2773 893 2838 deputis
928 2771 1113 2835 greting
1134 2769 1232 2817 Our
1257 2766 1337 2816 wil
1373 2767 1414 2814 is
1445 2766 1537 2813 and
1562 2781 1633 2813 we
1656 2764 1826 2826 charge
1850 2780 1935 2811 zou
1959 2763 2148 2825 straitly
2171 2763 2261 2810 and
2287 2779 2411 2810 com-

489 2864 674 2912 mandis
713 2866 797 2926 yat
834 2861 910 2925 yir
945 2876 1031 2908 our
1066 2856 1252 2906 letteris
1288 2870 1399 2904 sene
1436 2854 1521 2901 but
1560 2851 1698 2915 delay
1736 2867 1787 2898 ze
1824 2851 1872 2898 in
1910 2866 1995 2897 our
2032 2865 2169 2898 name
2207 2851 2316 2898 mak
2351 2866 2411 2912 ye

489 2952 690 3001 boundis
728 2951 822 2999 and
858 2965 918 3013 ye
957 2946 1158 2996 marchis
1182 2944 1250 2993 off
1278 2960 1338 3007 ye
1360 2941 1514 2990 landis
1546 2940 1614 2988 off
1646 2940 1867 2987 Menmur
1897 2938 2043 3001 bayth
2075 2937 2143 2985 off
2172 2938 2411 3000 propirtye

490 3042 584 3089 and
609 3043 907 3101 commontye
930 3035 1096 3084 betuix
1134 3050 1164 3081 3
1201 3030 1454 3079 reuerende
1489 3027 1634 3075 fathir
1670 3027 1717 3074 in
1757 3026 1883 3074 Crist
1916 3041 1976 3088 ye
2010 3025 2203 3088 bischop
2237 3026 2330 3072 and
2352 3042 2411 3087 ye

490 3130 600 3178 kirk
637 3128 706 3177 off
737 3126 972 3174 Brechine
1010 3139 1071 3172 on
1108 3137 1167 3185 ye
1205 3124 1258 3168 13
1285 3122 1392 3182 part
1415 3117 1508 3164 and
1531 3115 1564 3161 J
1568 3115 1688 3162 ohne
1712 3114 1766 3162 of
1784 3112 1974 3161 Cullace
1999 3128 2059 3160 on
2081 3127 2140 3176 ye
2163 3112 2286 3175 toyir
2307 3117 2412 3175 part

492 3219 551 3265 be
589 3217 672 3264 red
710 3215 804 3263 and
843 3212 1052 3262 obseruit
1089 3210 1183 3257 and
1219 3207 1352 3270 kepit
1389 3205 1437 3252 in
1473 3208 1574 3266 tym
1610 3206 1662 3250 to
1697 3217 1802 3249 cum
1826 3201 1937 3249 eftir
1968 3216 2027 3264 ye
2061 3204 2200 3248 tenor
2230 3200 2296 3248 off
2323 3216 2410 3247 ane

494 3303 929 3368 perambulatioune
953 3301 1012 3348 be
1035 3297 1192 3346 breuis
1228 3295 1281 3343 of
1310 3309 1395 3342 our
1427 3290 1611 3354 chapell
1633 3290 1781 3354 passit
1804 3304 2040 3352 yarupone
2063 3288 2131 3337 off
2158 3288 2307 3336 befoir
2329 3304 2411 3336 sua
