2950 3970
541 628 647 680 196
713 626 1176 681 REGISTRUM
1214 626 1751 684 EPISOOPATUS
1793 628 2378 683 BREOHINENSIS.

488 923 517 950 ,κ
543 902 735 950 Erectio
779 901 1063 965 parochialis
1109 902 1307 951 ecclesie
1350 904 1408 950 de
1458 903 1762 966 Fynnewyne
1803 904 1852 951 in
1893 904 2224 952 canonicatum
2271 908 2320 952 et
2366 919 2469 967 pre-

542 991 742 1038 bendam
781 1018 789 1027 ·

453 1169 519 1216 94
552 1139 838 1221 Uniuersis
874 1178 923 1221 et
961 1173 1156 1236 singulis
1190 1174 1366 1222 Sancte
1404 1173 1579 1222 Matris
1614 1173 1813 1223 ecclesie
1837 1174 1945 1222 filiis
1968 1175 2028 1222 ad
2053 1190 2250 1237 quorum
2273 1174 2474 1222 noticias

541 1265 787 1323 presentes
823 1260 961 1309 litere
1000 1262 1302 1324 peruenerint
1341 1261 1375 1308 J
1379 1262 1589 1311 ohannes
1630 1261 1726 1310 Dei
1765 1266 1815 1310 et
1855 1262 2116 1325 apostolice
2156 1263 2283 1311 sedis
2321 1262 2475 1325 gratia

544 1349 809 1412 Episcopus
834 1350 1168 1398 Brechinensis
1199 1350 1259 1397 ad
1295 1349 1506 1398 futuram
1540 1350 1610 1398 rei
1647 1350 1922 1398 memoriam
1959 1349 2172 1398 Salutem
2197 1351 2245 1397 in
2269 1350 2474 1398 omnium

542 1437 779 1485 saluatore
818 1465 827 1474 ·
865 1437 1183 1486 Uniuersitati
1206 1441 1362 1486 vestre
1386 1442 1552 1486 notum
1575 1438 1774 1486 facimus
1792 1454 1877 1501 per
1894 1442 2139 1501 presentes
2157 1438 2282 1502 quod
2299 1453 2386 1486 nos
2401 1453 2478 1485 ca-

544 1526 686 1572 ritate
718 1526 836 1572 moti
868 1530 917 1573 et
950 1524 1052 1572 zelo
1075 1525 1197 1573 bone
1221 1526 1330 1572 fidei
1354 1525 1533 1573 cultum
1569 1526 1778 1573 diuinum
1813 1530 2118 1588 augmentare
2154 1526 2478 1574 desiderantes

546 1613 811 1662 Ecclesiam
835 1613 1154 1677 parochialem
1179 1614 1237 1660 de
1262 1614 1562 1677 Futhnewyn
1586 1618 1747 1662 nostre
1784 1615 1998 1663 dioecesis
2024 1615 2281 1662 accedente
2304 1615 2364 1661 ad
2387 1614 2478 1662 boc

546 1718 662 1750 sana
704 1701 1044 1749 deliberatione
1082 1705 1132 1749 et
1171 1717 1400 1750 consensu
1451 1702 1687 1764 magnifici
1735 1706 1784 1750 et
1830 1702 2041 1766 potentis
2087 1701 2263 1759 domini
2316 1702 2475 1750 Dauid

546 1790 734 1838 comitis
786 1789 1065 1837 Craufurdie
1113 1793 1162 1837 et
1209 1790 1386 1837 domini
1437 1791 1494 1836 de
1546 1790 1799 1853 Lyndesay
1844 1791 2032 1854 patroni
2069 1818 2079 1829 ·
2119 1792 2184 1838 Et
2229 1791 2477 1839 eminentis

546 1878 742 1926 scientie
766 1877 852 1925 viri
879 1877 1099 1940 Magistri
1122 1877 1156 1924 J
1160 1877 1359 1925 ohannis
1384 1877 1488 1925 Lok
1512 1878 1561 1924 in
1585 1893 1720 1926 sacra
1742 1877 1981 1940 theologia
2003 1878 2281 1941 professoris
2314 1879 2475 1926 eximii

546 1982 602 2014 ac
626 1967 823 2015 rectoris
849 1966 975 2014 dicte
999 1965 1197 2014 ecclesie
1222 1982 1328 2013 cum
1352 1981 1584 2014 consensu
1609 1967 1776 2014 decani
1814 1971 1863 2014 et
1901 1967 2097 2030 capituli
2134 1967 2284 2016 nostri
2315 1968 2476 2015 cathe-

546 2055 691 2103 dralis
715 2055 1048 2103 Brechinensis
1072 2059 1266 2118 propter
1287 2055 1378 2101 hoc
1401 2053 1674 2118 specialiter
1697 2055 1967 2117 congregati
1991 2054 2040 2102 in
2059 2055 2401 2103 Canonicatum
2425 2059 2474 2103 et

545 2144 832 2206 prebendam
856 2143 905 2190 in
928 2146 1092 2191 nostra
1115 2141 1318 2190 ecclesia
1341 2141 1604 2189 cathedrali
1639 2142 1884 2190 antedicta
1919 2142 2189 2192 melioribus
2224 2144 2364 2192 modo
2401 2144 2475 2192 via

545 2232 698 2279 forma
738 2235 787 2279 et
819 2231 926 2292 jure
965 2230 1135 2294 quibus
1168 2229 1337 2278 melius
1372 2234 1420 2278 et
1458 2230 1695 2279 efficacius
1734 2231 1975 2294 potuimus
2012 2231 2248 2279 ereximus
2287 2231 2335 2292 in
2372 2248 2476 2295 pre-

545 2319 746 2366 bendam
770 2317 1113 2367 sacerdotalem
1139 2334 1232 2381 qua
1254 2317 1411 2366 nullus
1433 2318 1525 2367 nisi
1560 2319 1782 2367 sacerdos
1815 2319 2019 2381 gaudere
2054 2319 2230 2382 poterit
2267 2319 2315 2366 in
2350 2320 2475 2368 futu-

548 2429 649 2459 rum
672 2415 721 2460 et
744 2415 909 2460 tenore
927 2411 1216 2474 presentium
1252 2411 1472 2473 erigimus
1497 2411 1642 2459 saluis
1675 2413 1899 2482 pensione
1935 2411 2127 2460 annuali
2162 2416 2212 2460 et
2246 2417 2475 2476 perpetua

548 2500 792 2549 duodecim
816 2515 1079 2547 marcarum
1102 2503 1291 2547 monete
1317 2499 1478 2547 Scotie
1502 2515 1588 2562 pro
1610 2503 1824 2563 tempore
1862 2500 2096 2548 currentis
2134 2500 2308 2548 vicario
2347 2500 2473 2549 dicte

549 2589 746 2638 ecclesie
771 2589 850 2652 qui
873 2605 958 2651 pro
980 2593 1194 2650 tempore
1218 2587 1360 2635 fuerit
1387 2603 1492 2634 cum
1516 2588 1614 2636 suis
1638 2588 1880 2636 mansione
1903 2588 2031 2636 tofta
2055 2592 2103 2636 et
2128 2588 2284 2636 crofta
2319 2587 2474 2638 solitis

548 2693 730 2726 necnon
772 2677 977 2740 quinque
1020 2675 1192 2723 marcis
1232 2690 1318 2723 sex
1351 2675 1609 2737 juuenibus
1649 2675 1835 2724 clericis
1881 2675 1929 2722 in
1980 2676 2124 2723 choro
2166 2677 2474 2726 Brechinensi

549 2764 886 2814 ministraturis
920 2763 1160 2812 soluendis
1193 2763 1438 2810 annuatim
1473 2779 1558 2826 per
1591 2763 1953 2826 prebendarium
1991 2763 2118 2811 dicte
2157 2763 2354 2812 ecclesie
2389 2782 2475 2828 pro

549 2859 762 2916 tempore
787 2852 1069 2900 existentem
1095 2852 1155 2898 ad
1181 2852 1298 2899 duos
1321 2851 1433 2898 anni
1455 2851 1683 2899 terminos
1705 2851 1872 2900 solitos
1904 2855 1953 2898 et
1985 2855 2236 2900 consuetos
2270 2852 2346 2899 cui
2371 2869 2475 2916 pre-

549 2941 774 2989 bendario
799 2956 920 2988 unus
943 2940 1174 2988 dictorum
1198 2955 1285 2988 sex
1301 2940 1529 3001 juuenum
1563 2955 1749 3003 semper
1783 2938 2070 2988 ministrabit
2093 2939 2142 2986 in
2165 2939 2308 2987 choro
2342 2945 2391 2988 et
2426 2942 2474 2989 in

551 3029 751 3078 ecclesia
786 3033 834 3076 et
869 3028 982 3075 alibi
1015 3031 1156 3091 prout
1191 3029 1329 3076 decet
1368 3055 1377 3065 ·
1417 3028 1614 3076 Prouiso
1638 3027 1782 3075 etiam
1806 3028 1932 3090 quod
1971 3026 2190 3074 uniuersa
2213 3032 2262 3075 et
2291 3029 2473 3091 singula

545 3118 655 3179 jura
678 3122 727 3164 et
751 3132 895 3164 onera
918 3116 1157 3163 ordinaria
1191 3119 1239 3163 et
1276 3116 1656 3164 extraordinaria
1689 3114 1978 3179 episcopalia
2001 3119 2050 3163 et
2074 3115 2472 3165 archidiaconalia

552 3221 613 3253 ex
635 3205 764 3252 dicta
787 3202 988 3251 ecclesia
1011 3204 1070 3251 de
1095 3203 1393 3267 Futhnewyn
1419 3203 1539 3252 solui
1563 3203 1725 3252 debita
1749 3207 1797 3251 et
1821 3206 2047 3252 consueta
2069 3202 2204 3251 nobis
2227 3207 2276 3251 et
2299 3205 2473 3253 nostris

552 3291 902 3342 successoribus
938 3307 995 3339 ac
1033 3291 1378 3341 archidiaconis
1414 3293 1472 3339 de
1508 3291 1714 3340 Brechin
1738 3291 1818 3354 qui
1840 3307 1926 3354 pro
1949 3295 2163 3354 tempore
2199 3291 2373 3339 fuerint
2410 3309 2471 3339 ex
