2950 3970
613 636 1078 694 REGISTRUM
1114 638 1647 696 EPISCOPATUS
1674 639 2267 698 BREOHINENSIS.
2333 644 2439 701 167

513 843 704 876 suorum
729 826 846 875 dicti
869 827 1015 876 etiam
1038 826 1203 877 militis
1226 829 1618 878 commendatoris
1648 833 1996 879 antecessorum
2032 834 2080 877 et
2114 845 2429 878 successorum

514 934 705 967 suorum
742 945 752 956 ·
790 918 857 966 Et
874 917 1082 966 omnium
1098 917 1305 966 fidelium
1328 919 1652 968 defunctorum
1689 947 1699 958 ·
1737 919 1803 968 Et
1825 919 2192 968 interessendum
2217 920 2264 967 in
2287 920 2432 967 omni-

513 1008 603 1057 bus
625 1007 782 1057 missis
803 1008 1050 1057 matutinis
1084 1011 1133 1056 et
1167 1009 1374 1072 vesperis
1406 1024 1464 1057 ac
1497 1009 1710 1058 omnibus
1743 1008 1848 1058 aliis
1882 1009 2008 1057 horis
2042 1008 2278 1057 canonicis
2312 1008 2431 1056 sicut

514 1095 598 1144 alii
619 1096 783 1144 vicarii
817 1096 949 1144 chori
983 1096 1032 1144 in
1072 1096 1399 1160 superpellicio
1433 1101 1482 1145 et
1517 1097 1706 1161 caputio
1738 1096 1953 1145 foderato
1986 1097 2082 1144 suis
2118 1096 2317 1159 propriis
2354 1111 2434 1142 ex-

514 1183 675 1248 pensis
697 1183 793 1232 Sed
831 1187 1035 1247 excepta
1070 1183 1215 1233 missa
1250 1185 1582 1233 ebdomadaria
1605 1201 1744 1248 quam
1769 1183 2004 1232 celebrare
2027 1199 2118 1233 non
2145 1183 2383 1231 tenebitur
2421 1218 2429 1227 .

517 1275 585 1322 Et
618 1274 815 1322 habebit
849 1278 1035 1338 partem
1071 1275 1130 1322 de
1165 1275 1572 1323 distributionibus
1605 1274 1926 1323 communibus
1948 1274 2070 1322 sicut
2093 1273 2174 1321 alii
2204 1271 2431 1335 capellani

518 1363 651 1411 chori
685 1378 743 1411 ac
783 1362 930 1411 etiam
966 1361 1015 1409 in
1057 1362 1195 1410 Nouo
1235 1362 1431 1426 collegio
1470 1379 1555 1426 per
1599 1363 1776 1410 dictum
1822 1362 2056 1410 dominum
2101 1362 2159 1408 de
2205 1360 2433 1407 Brechine

517 1453 717 1500 fundato
739 1467 847 1499 cum
869 1449 1127 1515 capellanis
1150 1451 1358 1499 eiusdem
1382 1451 1430 1498 in
1453 1450 1779 1499 emolumentis
1801 1454 1850 1498 et
1874 1448 2282 1497 commoditatibus
2310 1463 2434 1495 com-

519 1540 738 1589 munibus
751 1539 1058 1604 participabit
1072 1543 1213 1603 prout
1230 1539 1279 1587 in
1295 1539 1470 1588 litteris
1484 1535 1773 1587 fundationis
1790 1538 1904 1586 dicti
1923 1537 2106 1600 collegii
2120 1536 2383 1584 continetur
2420 1563 2430 1572 ·

522 1628 843 1693 Quasquidem
877 1643 1040 1677 omnes
1073 1631 1123 1676 et
1162 1627 1367 1691 singulas
1401 1628 1639 1691 predictas
1670 1631 1823 1675 terras
1859 1625 2130 1689 templarias
2165 1640 2268 1672 cum
2291 1624 2432 1686 perti-

520 1718 696 1767 nentiis
717 1733 775 1766 ac
799 1717 976 1766 dictam
999 1721 1176 1765 terram
1201 1717 1259 1764 de
1281 1715 1326 1764 le
1351 1714 1663 1779 Chaipeltoun
1687 1713 1898 1762 volumus
1932 1714 2107 1761 dictum
2142 1711 2429 1776 capellanum

523 1808 603 1871 qui
625 1823 713 1871 pro
734 1810 950 1870 tempore
976 1805 1120 1855 fuerit
1153 1806 1215 1853 ad
1251 1821 1383 1854 suam
1415 1803 1672 1852 utilitatem
1705 1806 1755 1851 et
1788 1802 2079 1850 commodum
2111 1816 2196 1863 pro
2229 1799 2434 1862 pecuniis

520 1900 709 1945 tantum
731 1895 953 1944 assedare
987 1899 1037 1943 et
1071 1910 1157 1958 pro
1190 1897 1402 1957 tempore
1436 1908 1521 1941 suo
1555 1894 1741 1940 tantum
1774 1890 1948 1953 absque
1982 1888 2138 1952 aliquo
2170 1887 2263 1935 alio
2297 1902 2433 1934 onere

523 1990 573 2034 et
595 1984 797 2034 seruicio
833 2011 845 2022 ·
882 1984 949 2032 Et
983 1983 1084 2032 sine
1120 1997 1410 2046 quocumque
1444 1979 1660 2043 griswine
1693 1977 1838 2042 pultri
1871 1976 2086 2039 aueragio
2119 1979 2202 2023 aut
2236 1974 2435 2035 cariagio

524 2074 802 2137 cuicumque
826 2076 911 2121 aut
935 2071 1302 2135 quibuscumque
1326 2085 1431 2117 cum
1453 2072 1613 2116 tamen
1636 2066 1762 2115 omni
1783 2065 2002 2113 libertate
2029 2063 2151 2112 sicut
2172 2066 2306 2111 carta
2337 2077 2439 2124 pre-

523 2163 613 2211 fati
654 2161 817 2210 Dauid
859 2161 1117 2224 Dempster
1152 2162 1202 2207 et
1241 2155 1532 2206 confirmatio
1571 2155 1779 2203 eiusdem
1813 2155 2086 2216 proportant
2122 2155 2171 2198 et
2203 2154 2439 2198 testantur

525 2250 742 2314 exceptis
765 2250 815 2298 in
837 2248 1102 2313 prescripta
1126 2250 1259 2295 carta
1282 2243 1519 2293 contentis
1556 2271 1566 2281 ·
1602 2241 1921 2305 Quasquidem
1956 2243 2111 2287 cartas
2135 2237 2310 2300 [terras
2321 2238 2365 2301 ἓ]
2391 2240 2440 2283 et

527 2341 693 2389 domos
730 2337 1008 2402 templarias
1047 2351 1156 2384 cum
1196 2333 1413 2383 omnibus
1446 2336 1496 2380 et
1529 2330 1724 2394 singulis
1762 2329 1860 2378 suis
1900 2327 2194 2392 pertinentiis
2229 2354 2239 2363 -
2278 2354 2288 2363 ·
2327 2353 2336 2362 ·
2374 2324 2438 2370 Et

527 2444 671 2477 unam
708 2426 914 2476 celdram
954 2424 1106 2473 farine
1142 2421 1338 2488 singulis
1372 2421 1508 2468 annis
1553 2421 1611 2467 de
1656 2417 1768 2466 villa
1814 2417 2101 2466 Esakistoun
2146 2419 2195 2463 et
2241 2412 2438 2475 Cbapel-

527 2522 646 2566 toun
669 2515 1018 2581 percipiendam
1056 2541 1066 2551 ·
1105 2541 1116 2551 -
1155 2540 1165 2550 ·
1202 2510 1388 2559 nomine
1413 2512 1461 2556 et
1484 2508 1668 2555 ratione
1702 2507 1939 2553 fructuum
1977 2508 2025 2551 et
2061 2503 2294 2557 firmarum
2316 2505 2439 2548 terre

530 2607 657 2654 dicte
681 2603 862 2668 capelle
887 2603 1097 2651 discreto
1120 2600 1219 2648 viro
1257 2597 1444 2646 domino
1466 2596 1500 2642 J
1504 2593 1675 2643 ohanni
1700 2594 1775 2655 Gy
1798 2591 2040 2655 capellano
2063 2594 2111 2638 et
2133 2589 2232 2638 suis
2253 2603 2438 2636 succes-

529 2695 715 2744 soribus
750 2691 1094 2755 assignauimus
1130 2689 1279 2736 donec
1326 2689 1375 2733 et
1423 2698 1666 2747 quousque
1712 2681 1886 2728 dictam
1930 2677 2155 2742 capellam
2201 2677 2438 2739 contingat

530 2799 699 2833 vacare
722 2798 780 2830 ac
803 2782 904 2846 ipse
929 2779 1145 2828 dominus
1167 2777 1200 2824 J
1205 2776 1411 2824 ohannes
1434 2771 1507 2820 vel
1528 2771 1602 2820 sui
1624 2782 1915 2818 successores
1946 2767 1993 2813 in
2024 2766 2185 2813 eadem
2219 2764 2439 2811 canonice

533 2873 784 2922 institutus
817 2869 893 2918 vel
926 2866 1137 2918 instituti
1170 2868 1219 2913 et
1253 2860 1592 2927 possessionem
1636 2856 1876 2920 pacificam
1917 2854 2122 2902 eiusdem
2156 2852 2331 2900 fuerint
2366 2851 2439 2898 vel

533 2961 680 3010 fuerit
726 2962 975 3009 assecutus
1021 2955 1095 3005 vel
1140 2950 1347 3002 assecuti
1392 2947 1576 3002 Quibus
1618 2943 1915 2993 institutione
1949 2945 1996 2989 et
2031 2939 2320 3004 possessione
2353 2955 2437 3002 per

535 3051 718 3098 dictum
762 3047 1003 3096 dominum
1048 3045 1082 3091 J
1087 3043 1314 3091 ohannem
1349 3036 1423 3085 vel
1457 3049 1566 3083 suos
1609 3046 1901 3081 successores
1945 3029 2117 3076 habitis
2151 3032 2199 3075 et
2234 3027 2439 3075 obtentis

537 3137 770 3186 Volumus
806 3135 983 3183 dictam
1019 3131 1224 3180 celdram
1260 3125 1408 3174 farine
1444 3123 1506 3170 ad
1539 3135 1624 3169 nos
1645 3119 1719 3167 vel
1748 3132 2036 3167 successores
2057 3119 2241 3164 nostros
2264 3115 2436 3162 reuerti

536 3243 594 3276 ac
639 3224 933 3290 capellanum
971 3250 981 3260 ·
1021 3250 1031 3259 -
1069 3248 1081 3258 ·
1115 3219 1175 3266 ab
1220 3214 1426 3264 eiusdem
1471 3208 1737 3272 receptione
1788 3205 1937 3253 farine
1981 3203 2167 3267 penitus
2214 3202 2437 3250 desistere

538 3341 553 3357 ·
589 3343 601 3354 ·
638 3342 650 3354 ·
685 3314 929 3377 dictasque
974 3315 1128 3359 terras
1171 3309 1220 3353 et
1266 3304 1428 3350 domos
1474 3313 1578 3345 cum
1623 3293 1917 3358 pertinentiis
1955 3295 2003 3339 et
2044 3290 2246 3338 celdram
2290 3290 2438 3337 farine
