2950 3970
472 659 559 712 ⁴12
626 658 1088 717 REGISTRUM
1127 662 1664 719 EPISCOPATUS
1704 659 2299 718 BREOHINENSIS.

489 846 639 894 nostri
683 849 807 909 quod
855 849 1136 913 quicumque
1179 850 1323 897 fuerit
1365 850 1567 897 vicarius
1609 850 1667 897 de
1710 849 1946 897 Panbride
1987 849 2185 898 ecclesie
2233 850 2427 913 singulis

491 935 655 983 diebus
679 936 876 984 Sabbati
900 937 1088 986 missam
1113 939 1172 986 de
1194 938 1336 986 beata
1360 938 1518 986 Maria
1541 942 1590 985 et
1614 937 1893 1006 quicumque
1917 953 2003 1000 pro
2026 911 2260 1000 tempore·
2279 938 2424 986 fuerit

491 1024 694 1072 vicarius
714 1024 772 1071 de
798 1025 1035 1088 Monzeky
1053 1026 1243 1075 missam
1263 1026 1321 1073 de
1339 1025 1481 1075 beato
1501 1025 1732 1073 Marnoco
1748 1023 1923 1072 futuris
1938 1024 2180 1088 perpetuis
2203 1026 2427 1089 tempori-

492 1113 580 1160 bus
620 1111 859 1160 celebrent
906 1129 990 1161 seu
1023 1114 1202 1162 faciant
1237 1113 1479 1162 celebrari.
1551 1113 1620 1160 Ut
1654 1116 1814 1160 autem
1848 1112 1936 1160 hec
1971 1113 2130 1173 omnig.
2161 1117 2211 1160 et
2246 1113 2429 1176 singula

492 1201 721 1264 premissa
767 1201 900 1248 firma
946 1205 1052 1249 rata
1098 1206 1146 1250 et
1193 1206 1423 1266 perpetua
1456 1203 1759 1265 perseverent
1806 1197 2032 1248 Decanus
2079 1203 2128 1247 et
2167 1200 2425 1264 capitulum

494 1289 690 1337 ecclesie
716 1289 1049 1339 Brechinensis
1072 1291 1236 1338 habito
1270 1291 1400 1354 prius
1422 1306 1563 1354 super
1596 1289 1689 1337 hiis
1723 1287 1957 1336 communi
1993 1287 2214 1350 diligenti
2232 1293 2282 1336 et
2305 1289 2430 1336 suffi-

494 1376 637 1425 cienti
682 1381 893 1426 tractatu
938 1383 1138 1442 pensato
1184 1394 1266 1427 sue
1314 1378 1512 1427 ecclesie
1559 1377 1805 1426 commodo
1851 1375 2103 1424 manifesto
2149 1376 2425 1439 premissam

493 1466 841 1514 ordinacionem
874 1470 1084 1514 nostram
1118 1466 1166 1514 in
1202 1467 1416 1515 omnibus
1450 1466 1547 1515 suis
1581 1464 1794 1513 articulis
1827 1464 2140 1512 laudauerunt
2176 1467 2226 1512 et
2260 1465 2428 1528 proba·

494 1558 662 1602 uerunt
719 1559 768 1602 et
825 1554 928 1618 ipsa
983 1555 1117 1602 firma
1175 1559 1224 1603 et
1279 1559 1508 1619 perpetua
1563 1555 1665 1602 fore
1711 1552 1954 1600 nobiscum
2012 1555 2296 1600 statuerunt.
2368 1553 2427 1600 In

495 1658 688 1706 quorum
733 1643 938 1690 omnium
979 1643 1301 1691 testimonium
1339 1647 1606 1707 presentem
1641 1645 1822 1690 cartam
1857 1644 2065 1688 nostram
2103 1639 2243 1703 sigilli
2277 1642 2427 1689 nostri

494 1747 694 1778 unacum
743 1731 897 1794 sigillo
944 1732 1179 1779 communi
1226 1732 1422 1795 capituli
1467 1731 1619 1780 nostri
1665 1729 1862 1777 fecimus
1908 1727 2195 1791 appensione
2241 1728 2425 1776 muniri.

496 1820 673 1867 Datum
710 1820 757 1867 in
794 1820 1003 1883 capitulo
1037 1826 1199 1869 nostro
1235 1821 1310 1868 die
1334 1821 1368 1867 J
1372 1820 1476 1868 ouis
1499 1818 1713 1883 proxime
1737 1817 1911 1865 festum
1946 1816 2076 1863 beati
2101 1815 2424 1864 Bartholomei

497 1908 703 1971 apostoli
725 1925 848 1956 anno
874 1909 1071 1956 Domini
1095 1909 1343 1958 millesimo
1367 1907 1702 1956 trecentesimo
1726 1903 2082 1969 quadragesimo
2107 1908 2290 1952 octauo.

411 2126 423 2152 *³
496 2119 642 2166 Carta
682 2120 803 2182 regis
845 2120 1004 2167 Dauid
1048 2120 1415 2168 confirmationis
1461 2118 1665 2165 omnium
1712 2120 1943 2163 terrarum
1984 2113 2327 2176 possessionum
2376 2119 2425 2161 et

495 2207 768 2255 libertatum
793 2208 992 2256 ecclesie
1017 2209 1074 2255 de
1100 2208 1347 2255 Brechine.

441 2372 451 2382 ·
503 2318 701 2398 Dauid
727 2350 819 2398 Dei
841 2351 995 2413 gratia
1019 2367 1103 2398 rex
1128 2352 1399 2398 Scottorum
1424 2349 1638 2397 omnibus
1663 2346 1822 2410 probis
1840 2344 2106 2393 hominibus
2124 2344 2278 2392 tocius
2297 2347 2423 2392 terre

494 2457 576 2488 sue
596 2439 893 2503 presentibus
910 2443 959 2486 et
976 2438 1148 2487 futuris
1163 2438 1390 2487 Salutem.
1460 2437 1579 2485 Cum
1597 2452 1683 2484 nos
1701 2436 1869 2482 deceat
1888 2449 1950 2481 ex
1969 2432 2130 2480 debito
2149 2431 2423 2480 deuocionis

496 2529 620 2591 regie
639 2528 698 2576 ob
722 2527 937 2575 timorem
964 2531 1012 2575 et
1037 2527 1356 2575 reuerenciam
1375 2526 1470 2573 Dei
1488 2542 1573 2589 per
1590 2540 1728 2588 quem
1747 2538 1881 2585 reges
1898 2524 2096 2584 regnant
2114 2525 2163 2568 et
2186 2520 2424 2584 principes

495 2616 818 2680 principantur
851 2616 898 2663 in
933 2615 1024 2664 hiis
1048 2632 1138 2679 que
1162 2615 1401 2679 pertinent
1435 2615 1496 2662 ad
1518 2613 1789 2661 libertatem
1814 2609 2118 2658 ecclesiarum
2154 2612 2203 2656 et
2238 2623 2424 2656 conser-

496 2706 739 2753 uacionem
771 2703 1008 2766 religionis
1031 2704 1294 2751 orthodoxe
1328 2702 1641 2766 persuadente
1670 2698 1861 2762 justitia
1894 2713 1980 2745 nos
2014 2697 2210 2744 reddere
2233 2712 2421 2759 promp—

498 2793 663 2841 ciores.
734 2792 807 2840 Ac
829 2792 1010 2839 tamdiu
1034 2791 1311 2840 durantibus
1330 2791 1454 2838 inter
1471 2805 1613 2852 regna
1629 2802 1900 2851 guerrarum
1922 2783 2144 2849 periculis
2168 2787 2217 2831 et
2240 2784 2423 2832 hostili-

495 2881 612 2928 tatis
638 2880 945 2928 incommodis
984 2896 1068 2943 per
1108 2896 1198 2943 que
1239 2883 1369 2926 carte
1400 2878 1560 2926 littere
1594 2875 1885 2924 munimenta
1907 2889 1964 2921 ac
1987 2871 2232 2936 priuilegia
2255 2875 2304 2919 et
2327 2872 2422 2919 alia

497 2968 647 3016 multa
679 2952 945 3016 necessaria
979 2968 1282 3016 ecclesiarum
1329 2965 1669 3014 cathedralium
1714 2962 2102 3012 monasteriorum
2138 2964 2187 3008 et
2223 2959 2419 3008 aliorum

497 3057 704 3105 locorum
751 3055 1070 3118 religiosorum
1124 3055 1333 3103 alienata
1385 3058 1494 3104 sunt
1540 3053 1784 3101 combusta
1831 3054 1880 3098 et
1926 3048 2114 3098 sublata
2170 3063 2260 3111 que
2306 3048 2422 3111 ipsis

499 3145 711 3193 ecclesiis
752 3149 800 3192 et
836 3144 1064 3206 religiosis
1097 3143 1215 3192 locis
1249 3160 1310 3191 ex
1345 3142 1691 3206 progenitorum
1726 3143 1991 3188 nostrorum
2028 3137 2210 3198 Regum
2253 3135 2420 3183 Scocie

499 3238 549 3281 et
574 3233 771 3280 aliarum
797 3232 1051 3280 deuocione
1075 3247 1379 3294 personarum
1402 3230 1462 3278 ab
1485 3229 1682 3292 antiquo
1705 3228 1880 3276 donata
1901 3226 2089 3273 fuerant
2107 3226 2157 3271 et
2176 3238 2420 3272 concessa.

502 3320 735 3369 Volumus
770 3323 818 3367 et
854 3319 1151 3368 concedimus
1185 3335 1242 3367 ac
1276 3323 1440 3367 tenore
1475 3316 1762 3381 presentium
1802 3314 1888 3363 sub
1925 3311 2116 3360 arctiori
2156 3326 2280 3374 pena
2328 3327 2422 3374 qua
