<?xml version="1.0" encoding="UTF-8"?>
<!DOCTYPE html PUBLIC "-//W3C//DTD XHTML 1.0 Transitional//EN"
    "http://www.w3.org/TR/xhtml1/DTD/xhtml1-transitional.dtd">
<html xmlns="http://www.w3.org/1999/xhtml" xml:lang="en" lang="en">
 <head>
  <title>
</title>
<meta http-equiv="Content-Type" content="text/html;charset=utf-8" />
  <meta name='ocr-system' content='tesseract 3.04.00' />
  <meta name='ocr-capabilities' content='ocr_page ocr_carea ocr_par ocr_line ocrx_word'/>
</head>
<body>
  <div class='ocr_page' id='page_1' title='image "./registrumepiscop01brecuoft_0245.png"; bbox 0 0 2950 3970; ppageno 0'>
   <div class='ocr_carea' id='block_1_1' title="bbox 584 620 2405 686">
    <p class='ocr_par' dir='ltr' id='par_1_1' title="bbox 584 620 2405 686">
     <span class='ocr_line' id='line_1_1' title="bbox 584 620 2405 686; baseline 0.005 -11"><span class='ocrx_word' id='word_1_1' title='bbox 584 620 1050 677; x_wconf 83' lang='lat' dir='ltr'>REGISTRUM</span> <span class='ocrx_word' id='word_1_2' title='bbox 1087 623 1621 682; x_wconf 81' lang='lat' dir='ltr'>EPISCOPATUS</span> <span class='ocrx_word' id='word_1_3' title='bbox 1661 626 2244 685; x_wconf 83' lang='lat' dir='ltr'><strong>BRECHINENSIS.</strong></span> <span class='ocrx_word' id='word_1_4' title='bbox 2299 631 2405 686; x_wconf 90' lang='lat'>133</span> 
     </span>
    </p>
   </div>
   <div class='ocr_carea' id='block_1_2' title="bbox 486 810 2412 1674">
    <p class='ocr_par' dir='ltr' id='par_1_2' title="bbox 486 810 2412 1674">
     <span class='ocr_line' id='line_1_2' title="bbox 486 810 2403 876; baseline 0.004 -19"><span class='ocrx_word' id='word_1_5' title='bbox 486 810 587 858; x_wconf 88' lang='lat' dir='ltr'>lata</span> <span class='ocrx_word' id='word_1_6' title='bbox 645 810 812 858; x_wconf 77' lang='lat' dir='ltr'><strong>subtus</strong></span> <span class='ocrx_word' id='word_1_7' title='bbox 857 811 905 857; x_wconf 91' lang='lat' dir='ltr'>in</span> <span class='ocrx_word' id='word_1_8' title='bbox 953 812 1160 875; x_wconf 86' lang='lat' dir='ltr'>margine</span> <span class='ocrx_word' id='word_1_9' title='bbox 1213 812 1366 876; x_wconf 87' lang='lat' dir='ltr'>sigillo</span> <span class='ocrx_word' id='word_1_10' title='bbox 1412 815 1645 862; x_wconf 90' lang='lat' dir='ltr'>communi</span> <span class='ocrx_word' id='word_1_11' title='bbox 1693 815 1750 862; x_wconf 91' lang='lat' dir='ltr'>de</span> <span class='ocrx_word' id='word_1_12' title='bbox 1807 816 1919 862; x_wconf 88' lang='lat' dir='ltr'>data</span> <span class='ocrx_word' id='word_1_13' title='bbox 1971 816 2046 876; x_wconf 82' lang='lat' dir='ltr'>xvj</span> <span class='ocrx_word' id='word_1_14' title='bbox 2105 817 2178 863; x_wconf 89' lang='lat' dir='ltr'>die</span> <span class='ocrx_word' id='word_1_15' title='bbox 2232 816 2403 865; x_wconf 80' lang='lat' dir='ltr'>mensis</span> 
     </span>
     <span class='ocr_line' id='line_1_3' title="bbox 487 898 2403 966; baseline 0.003 -20"><span class='ocrx_word' id='word_1_16' title='bbox 487 898 767 948; x_wconf 80' lang='lat' dir='ltr'>Decembris</span> <span class='ocrx_word' id='word_1_17' title='bbox 813 899 871 947; x_wconf 94' lang='lat' dir='ltr'>de</span> <span class='ocrx_word' id='word_1_18' title='bbox 917 915 1039 948; x_wconf 89' lang='lat' dir='ltr'>anno</span> <span class='ocrx_word' id='word_1_19' title='bbox 1096 900 1293 949; x_wconf 87' lang='lat' dir='ltr'>Domini</span> <span class='ocrx_word' id='word_1_20' title='bbox 1350 901 1597 950; x_wconf 91' lang='lat' dir='ltr'>millesimo</span> <span class='ocrx_word' id='word_1_21' title='bbox 1656 902 2112 966; x_wconf 88' lang='lat' dir='ltr'>quadringentesimo</span> <span class='ocrx_word' id='word_1_22' title='bbox 2168 904 2403 952; x_wconf 88' lang='lat' dir='ltr'>tricesimo</span> 
     </span>
     <span class='ocr_line' id='line_1_4' title="bbox 487 988 2399 1054; baseline 0.001 -19"><span class='ocrx_word' id='word_1_23' title='bbox 487 993 656 1052; x_wconf 89' lang='lat' dir='ltr'>quarto</span> <span class='ocrx_word' id='word_1_24' title='bbox 703 992 752 1036; x_wconf 90' lang='lat' dir='ltr'>et</span> <span class='ocrx_word' id='word_1_25' title='bbox 799 988 976 1051; x_wconf 89' lang='lat' dir='ltr'>scripta</span> <span class='ocrx_word' id='word_1_26' title='bbox 1021 992 1072 1038; x_wconf 89' lang='lat' dir='ltr'>et</span> <span class='ocrx_word' id='word_1_27' title='bbox 1118 989 1383 1054; x_wconf 88' lang='lat' dir='ltr'>subscripta</span> <span class='ocrx_word' id='word_1_28' title='bbox 1429 991 1486 1038; x_wconf 91' lang='lat' dir='ltr'>de</span> <span class='ocrx_word' id='word_1_29' title='bbox 1532 1006 1673 1038; x_wconf 87' lang='lat' dir='ltr'>manu</span> <span class='ocrx_word' id='word_1_30' title='bbox 1720 990 1938 1053; x_wconf 79' lang='lat' dir='ltr'>Magistri</span> <span class='ocrx_word' id='word_1_31' title='bbox 1984 990 2017 1036; x_wconf 85' lang='lat' dir='ltr'>J</span> <span class='ocrx_word' id='word_1_32' title='bbox 2022 990 2218 1038; x_wconf 86' lang='lat' dir='ltr'>ohannis</span> <span class='ocrx_word' id='word_1_33' title='bbox 2265 990 2399 1053; x_wconf 85' lang='lat' dir='ltr'>Steyl</span> 
     </span>
     <span class='ocr_line' id='line_1_5' title="bbox 487 1076 2403 1142; baseline 0.001 -18"><span class='ocrx_word' id='word_1_34' title='bbox 487 1076 702 1125; x_wconf 89' lang='lat' dir='ltr'>canonici</span> <span class='ocrx_word' id='word_1_35' title='bbox 750 1076 1082 1126; x_wconf 89' lang='lat' dir='ltr'>Brechinensis</span> <span class='ocrx_word' id='word_1_36' title='bbox 1125 1082 1174 1125; x_wconf 87' lang='lat' dir='ltr'>et</span> <span class='ocrx_word' id='word_1_37' title='bbox 1219 1077 1392 1126; x_wconf 90' lang='lat' dir='ltr'>notarii</span> <span class='ocrx_word' id='word_1_38' title='bbox 1438 1077 1613 1142; x_wconf 82' lang='lat' dir='ltr'>publici</span> <span class='ocrx_word' id='word_1_39' title='bbox 1663 1079 1721 1126; x_wconf 93' lang='lat' dir='ltr'>de</span> <span class='ocrx_word' id='word_1_40' title='bbox 1774 1095 1853 1125; x_wconf 83' lang='lat' dir='ltr'>xx.</span> <span class='ocrx_word' id='word_1_41' title='bbox 1903 1079 1978 1125; x_wconf 91' lang='lat' dir='ltr'>die</span> <span class='ocrx_word' id='word_1_42' title='bbox 2026 1079 2224 1141; x_wconf 88' lang='lat' dir='ltr'>Augusti</span> <span class='ocrx_word' id='word_1_43' title='bbox 2280 1094 2403 1126; x_wconf 86' lang='lat' dir='ltr'>anno</span> 
     </span>
     <span class='ocr_line' id='line_1_6' title="bbox 490 1166 2408 1230; baseline -0.001 -15"><span class='ocrx_word' id='word_1_44' title='bbox 490 1170 580 1215; x_wconf 88' lang='lat' dir='ltr'>etc.</span> <span class='ocrx_word' id='word_1_45' title='bbox 640 1166 997 1230; x_wconf 88' lang='lat' dir='ltr'>quadragesimo</span> <span class='ocrx_word' id='word_1_46' title='bbox 1045 1170 1215 1215; x_wconf 89' lang='lat' dir='ltr'>octauo</span> <span class='ocrx_word' id='word_1_47' title='bbox 1265 1166 1534 1215; x_wconf 80' lang='lat' dir='ltr'>continetur</span> <span class='ocrx_word' id='word_1_48' title='bbox 1585 1167 1672 1215; x_wconf 90' lang='lat' dir='ltr'>hec</span> <span class='ocrx_word' id='word_1_49' title='bbox 1728 1166 1938 1215; x_wconf 90' lang='lat' dir='ltr'>clausula</span> <span class='ocrx_word' id='word_1_50' title='bbox 1990 1196 1998 1204; x_wconf 91' lang='lat'><strong>·</strong></span> <span class='ocrx_word' id='word_1_51' title='bbox 2052 1167 2232 1214; x_wconf 78' lang='lat' dir='ltr'>PmMo</span> <span class='ocrx_word' id='word_1_52' title='bbox 2286 1168 2408 1230; x_wconf 91' lang='lat' dir='ltr'>quod</span> 
     </span>
     <span class='ocr_line' id='line_1_7' title="bbox 490 1254 2410 1319; baseline -0.002 -15"><span class='ocrx_word' id='word_1_53' title='bbox 490 1255 788 1319; x_wconf 76' lang='lat' dir='ltr'>possidentes</span> <span class='ocrx_word' id='word_1_54' title='bbox 810 1259 1013 1319; x_wconf 91' lang='lat' dir='ltr'>quatuor</span> <span class='ocrx_word' id='word_1_55' title='bbox 1037 1255 1291 1318; x_wconf 85' lang='lat' dir='ltr'>dignitates</span> <span class='ocrx_word' id='word_1_56' title='bbox 1319 1254 1444 1303; x_wconf 91' lang='lat' dir='ltr'>dicte</span> <span class='ocrx_word' id='word_1_57' title='bbox 1483 1254 1680 1303; x_wconf 91' lang='lat' dir='ltr'>ecclesie</span> <span class='ocrx_word' id='word_1_58' title='bbox 1717 1254 2049 1303; x_wconf 87' lang='lat' dir='ltr'>Brechinensis</span> <span class='ocrx_word' id='word_1_59' title='bbox 2090 1254 2170 1302; x_wconf 86' lang='lat' dir='ltr'>viz.</span> <span class='ocrx_word' id='word_1_60' title='bbox 2207 1255 2410 1302; x_wconf 91' lang='lat' dir='ltr'>decanus</span> 
     </span>
     <span class='ocr_line' id='line_1_8' title="bbox 491 1341 2411 1407; baseline -0.002 -15"><span class='ocrx_word' id='word_1_61' title='bbox 491 1347 742 1407; x_wconf 83' lang='lat' dir='ltr'>precentor</span> <span class='ocrx_word' id='word_1_62' title='bbox 783 1342 1093 1392; x_wconf 88' lang='lat' dir='ltr'>cancellarius</span> <span class='ocrx_word' id='word_1_63' title='bbox 1130 1347 1179 1391; x_wconf 90' lang='lat' dir='ltr'>et</span> <span class='ocrx_word' id='word_1_64' title='bbox 1214 1342 1536 1392; x_wconf 81' lang='lat' dir='ltr'>thesaurarius</span> <span class='ocrx_word' id='word_1_65' title='bbox 1572 1343 1745 1390; x_wconf 90' lang='lat' dir='ltr'>debent</span> <span class='ocrx_word' id='word_1_66' title='bbox 1786 1343 2041 1406; x_wconf 88' lang='lat' dir='ltr'>precedere</span> <span class='ocrx_word' id='word_1_67' title='bbox 2089 1357 2250 1390; x_wconf 89' lang='lat' dir='ltr'>omnes</span> <span class='ocrx_word' id='word_1_68' title='bbox 2294 1341 2411 1390; x_wconf 82' lang='lat' dir='ltr'>alios</span> 
     </span>
     <span class='ocr_line' id='line_1_9' title="bbox 493 1429 2412 1493; baseline -0.002 -14"><span class='ocrx_word' id='word_1_69' title='bbox 493 1433 746 1482; x_wconf 85' lang='lat' dir='ltr'>canonicos</span> <span class='ocrx_word' id='word_1_70' title='bbox 780 1433 989 1481; x_wconf 90' lang='lat' dir='ltr'>eiusdem</span> <span class='ocrx_word' id='word_1_71' title='bbox 1030 1431 1228 1481; x_wconf 87' lang='lat' dir='ltr'>ecclesie</span> <span class='ocrx_word' id='word_1_72' title='bbox 1271 1430 1602 1480; x_wconf 87' lang='lat' dir='ltr'>Brechinensis</span> <span class='ocrx_word' id='word_1_73' title='bbox 1641 1431 1969 1493; x_wconf 90' lang='lat' dir='ltr'>cuiuscumque</span> <span class='ocrx_word' id='word_1_74' title='bbox 1994 1434 2146 1478; x_wconf 88' lang='lat' dir='ltr'>status</span> <span class='ocrx_word' id='word_1_75' title='bbox 2170 1429 2241 1477; x_wconf 87' lang='lat' dir='ltr'>vel</span> <span class='ocrx_word' id='word_1_76' title='bbox 2267 1429 2412 1491; x_wconf 91' lang='lat' dir='ltr'>digni-</span> 
     </span>
     <span class='ocr_line' id='line_1_10' title="bbox 494 1516 2410 1584; baseline -0.004 -14"><span class='ocrx_word' id='word_1_77' title='bbox 494 1522 612 1573; x_wconf 84' lang='lat' dir='ltr'>tatis</span> <span class='ocrx_word' id='word_1_78' title='bbox 635 1522 811 1570; x_wconf 85' lang='lat' dir='ltr'>fuerint</span> <span class='ocrx_word' id='word_1_79' title='bbox 835 1522 958 1569; x_wconf 88' lang='lat' dir='ltr'>infra</span> <span class='ocrx_word' id='word_1_80' title='bbox 985 1522 1178 1570; x_wconf 91' lang='lat' dir='ltr'>chorum</span> <span class='ocrx_word' id='word_1_81' title='bbox 1200 1525 1249 1569; x_wconf 91' lang='lat' dir='ltr'>et</span> <span class='ocrx_word' id='word_1_82' title='bbox 1273 1519 1530 1584; x_wconf 88' lang='lat' dir='ltr'>capitulum</span> <span class='ocrx_word' id='word_1_83' title='bbox 1554 1520 1603 1566; x_wconf 91' lang='lat' dir='ltr'>in</span> <span class='ocrx_word' id='word_1_84' title='bbox 1627 1518 1893 1566; x_wconf 89' lang='lat' dir='ltr'>reuerentia</span> <span class='ocrx_word' id='word_1_85' title='bbox 1930 1523 1979 1565; x_wconf 92' lang='lat' dir='ltr'>et</span> <span class='ocrx_word' id='word_1_86' title='bbox 2016 1518 2188 1565; x_wconf 91' lang='lat' dir='ltr'>honore</span> <span class='ocrx_word' id='word_1_87' title='bbox 2223 1516 2326 1564; x_wconf 89' lang='lat' dir='ltr'>loco</span> <span class='ocrx_word' id='word_1_88' title='bbox 2362 1520 2410 1563; x_wconf 88' lang='lat' dir='ltr'>et</span> 
     </span>
     <span class='ocr_line' id='line_1_11' title="bbox 496 1603 2411 1674; baseline -0.006 -13"><span class='ocrx_word' id='word_1_89' title='bbox 496 1612 659 1661; x_wconf 88' lang='lat' dir='ltr'>ordine</span> <span class='ocrx_word' id='word_1_90' title='bbox 684 1615 775 1660; x_wconf 85' lang='lat' dir='ltr'>etc.</span> <span class='ocrx_word' id='word_1_91' title='bbox 799 1627 942 1674; x_wconf 85' lang='lat' dir='ltr'>supra</span> <span class='ocrx_word' id='word_1_92' title='bbox 966 1626 1059 1674; x_wconf 87' lang='lat' dir='ltr'>qua</span> <span class='ocrx_word' id='word_1_93' title='bbox 1091 1609 1232 1658; x_wconf 89' lang='lat' dir='ltr'>litera</span> <span class='ocrx_word' id='word_1_94' title='bbox 1271 1609 1453 1672; x_wconf 88' lang='lat' dir='ltr'>papiria</span> <span class='ocrx_word' id='word_1_95' title='bbox 1492 1609 1605 1655; x_wconf 86' lang='lat' dir='ltr'>data</span> <span class='ocrx_word' id='word_1_96' title='bbox 1639 1612 1711 1655; x_wconf 90' lang='lat' dir='ltr'>est</span> <span class='ocrx_word' id='word_1_97' title='bbox 1745 1606 1886 1654; x_wconf 87' lang='lat' dir='ltr'>litera</span> <span class='ocrx_word' id='word_1_98' title='bbox 1925 1607 1972 1664; x_wconf 85' lang='lat' dir='ltr'>in</span> <span class='ocrx_word' id='word_1_99' title='bbox 2009 1620 2286 1668; x_wconf 89' lang='lat' dir='ltr'>pergameno</span> <span class='ocrx_word' id='word_1_100' title='bbox 2327 1603 2411 1651; x_wconf 89' lang='lat' dir='ltr'>sub</span> 
     </span>
    </p>
   </div>
   <div class='ocr_carea' id='block_1_3' title="bbox 405 1691 2415 1774">
    <p class='ocr_par' dir='ltr' id='par_1_3' title="bbox 405 1691 2415 1774">
     <span class='ocr_line' id='line_1_12' title="bbox 405 1691 2415 1774; baseline -0.007 -23"><span class='ocrx_word' id='word_1_101' title='bbox 405 1768 410 1774; x_wconf 28' lang='grc'>1</span> <span class='ocrx_word' id='word_1_102' title='bbox 497 1701 650 1765; x_wconf 89' lang='lat' dir='ltr'>sigillo</span> <span class='ocrx_word' id='word_1_103' title='bbox 690 1699 930 1749; x_wconf 53' lang='lat' dir='ltr'>communi&gt;</span> <span class='ocrx_word' id='word_1_104' title='bbox 966 1699 1201 1763; x_wconf 89' lang='lat' dir='ltr'>pendente</span> <span class='ocrx_word' id='word_1_105' title='bbox 1242 1697 1291 1744; x_wconf 91' lang='lat' dir='ltr'>in</span> <span class='ocrx_word' id='word_1_106' title='bbox 1329 1711 1438 1744; x_wconf 88' lang='lat' dir='ltr'>cera</span> <span class='ocrx_word' id='word_1_107' title='bbox 1477 1696 1623 1743; x_wconf 89' lang='lat' dir='ltr'>rubea</span> <span class='ocrx_word' id='word_1_108' title='bbox 1659 1693 1764 1742; x_wconf 88' lang='lat' dir='ltr'>albe</span> <span class='ocrx_word' id='word_1_109' title='bbox 1799 1694 2024 1757; x_wconf 89' lang='lat' dir='ltr'>impressa</span> <span class='ocrx_word' id='word_1_110' title='bbox 2064 1697 2112 1740; x_wconf 93' lang='lat' dir='ltr'>et</span> <span class='ocrx_word' id='word_1_111' title='bbox 2152 1691 2415 1753; x_wconf 88' lang='lat' dir='ltr'>subscripta</span> 
     </span>
    </p>
   </div>
   <div class='ocr_carea' id='block_1_4' title="bbox 497 1778 2429 3348">
    <p class='ocr_par' dir='ltr' id='par_1_4' title="bbox 497 1778 2429 3348">
     <span class='ocr_line' id='line_1_13' title="bbox 497 1778 2412 1851; baseline -0.008 -12"><span class='ocrx_word' id='word_1_112' title='bbox 497 1807 640 1839; x_wconf 90' lang='lat' dir='ltr'>manu</span> <span class='ocrx_word' id='word_1_113' title='bbox 664 1789 781 1838; x_wconf 89' lang='lat' dir='ltr'>dicti</span> <span class='ocrx_word' id='word_1_114' title='bbox 807 1788 1028 1851; x_wconf 87' lang='lat' dir='ltr'>Magistri</span> <span class='ocrx_word' id='word_1_115' title='bbox 1050 1787 1079 1833; x_wconf 71' lang='lat' dir='ltr'>,J</span> <span class='ocrx_word' id='word_1_116' title='bbox 1088 1786 1286 1835; x_wconf 91' lang='lat' dir='ltr'>ohannis</span> <span class='ocrx_word' id='word_1_117' title='bbox 1309 1801 1399 1848; x_wconf 94' lang='lat' dir='ltr'>que</span> <span class='ocrx_word' id='word_1_118' title='bbox 1423 1784 1563 1832; x_wconf 90' lang='lat' dir='ltr'>litera</span> <span class='ocrx_word' id='word_1_119' title='bbox 1602 1784 1649 1831; x_wconf 92' lang='lat' dir='ltr'>in</span> <span class='ocrx_word' id='word_1_120' title='bbox 1690 1797 1967 1846; x_wconf 87' lang='lat' dir='ltr'>pergameno</span> <span class='ocrx_word' id='word_1_121' title='bbox 2006 1779 2214 1827; x_wconf 86' lang='lat' dir='ltr'>continet</span> <span class='ocrx_word' id='word_1_122' title='bbox 2239 1778 2412 1826; x_wconf 91' lang='lat' dir='ltr'>dictam</span> 
     </span>
     <span class='ocr_line' id='line_1_14' title="bbox 499 1866 2413 1942; baseline -0.009 -13"><span class='ocrx_word' id='word_1_123' title='bbox 499 1881 686 1929; x_wconf 86' lang='lat' dir='ltr'>literam</span> <span class='ocrx_word' id='word_1_124' title='bbox 732 1877 964 1942; x_wconf 89' lang='lat' dir='ltr'>papiriam</span> <span class='ocrx_word' id='word_1_125' title='bbox 1007 1877 1065 1923; x_wconf 93' lang='lat' dir='ltr'>de</span> <span class='ocrx_word' id='word_1_126' title='bbox 1109 1875 1249 1924; x_wconf 87' lang='lat' dir='ltr'>verbo</span> <span class='ocrx_word' id='word_1_127' title='bbox 1291 1874 1339 1922; x_wconf 95' lang='lat' dir='ltr'>in</span> <span class='ocrx_word' id='word_1_128' title='bbox 1379 1873 1571 1921; x_wconf 89' lang='lat' dir='ltr'>verbum</span> <span class='ocrx_word' id='word_1_129' title='bbox 1611 1875 1661 1919; x_wconf 90' lang='lat' dir='ltr'>et</span> <span class='ocrx_word' id='word_1_130' title='bbox 1700 1869 1981 1932; x_wconf 87' lang='lat' dir='ltr'>subscripsio</span> <span class='ocrx_word' id='word_1_131' title='bbox 2027 1867 2196 1915; x_wconf 90' lang='lat' dir='ltr'>notarii</span> <span class='ocrx_word' id='word_1_132' title='bbox 2239 1870 2311 1914; x_wconf 89' lang='lat' dir='ltr'>est</span> <span class='ocrx_word' id='word_1_133' title='bbox 2357 1866 2413 1912; x_wconf 95' lang='lat' dir='ltr'>de</span> 
     </span>
     <span class='ocr_line' id='line_1_15' title="bbox 501 1955 2419 2028; baseline -0.009 -10"><span class='ocrx_word' id='word_1_134' title='bbox 501 1968 725 2018; x_wconf 80' lang='lat' dir='ltr'>vicesima</span> <span class='ocrx_word' id='word_1_135' title='bbox 748 1967 824 2014; x_wconf 89' lang='lat' dir='ltr'>die</span> <span class='ocrx_word' id='word_1_136' title='bbox 849 1965 1053 2028; x_wconf 90' lang='lat' dir='ltr'>Augusti</span> <span class='ocrx_word' id='word_1_137' title='bbox 1077 1979 1200 2012; x_wconf 87' lang='lat' dir='ltr'>anno</span> <span class='ocrx_word' id='word_1_138' title='bbox 1225 1961 1419 2010; x_wconf 90' lang='lat' dir='ltr'>Domini</span> <span class='ocrx_word' id='word_1_139' title='bbox 1453 1959 1700 2008; x_wconf 89' lang='lat' dir='ltr'>millesimo</span> <span class='ocrx_word' id='word_1_140' title='bbox 1735 1956 2188 2021; x_wconf 88' lang='lat' dir='ltr'>quadringentesimo</span> <span class='ocrx_word' id='word_1_141' title='bbox 2223 1955 2419 2017; x_wconf 90' lang='lat' dir='ltr'>quadra-</span> 
     </span>
     <span class='ocr_line' id='line_1_16' title="bbox 503 2045 2415 2122; baseline -0.011 -14"><span class='ocrx_word' id='word_1_142' title='bbox 503 2059 681 2122; x_wconf 91' lang='lat' dir='ltr'>gesimo</span> <span class='ocrx_word' id='word_1_143' title='bbox 697 2060 865 2105; x_wconf 89' lang='lat' dir='ltr'>octavo</span> <span class='ocrx_word' id='word_1_144' title='bbox 902 2083 912 2092; x_wconf 91' lang='lat'><strong>·</strong></span> <span class='ocrx_word' id='word_1_145' title='bbox 949 2055 1075 2102; x_wconf 92' lang='lat' dir='ltr'>Item</span> <span class='ocrx_word' id='word_1_146' title='bbox 1093 2067 1232 2115; x_wconf 89' lang='lat' dir='ltr'>super</span> <span class='ocrx_word' id='word_1_147' title='bbox 1248 2051 1411 2098; x_wconf 88' lang='lat' dir='ltr'>eadem</span> <span class='ocrx_word' id='word_1_148' title='bbox 1426 2048 1567 2096; x_wconf 89' lang='lat' dir='ltr'>litera</span> <span class='ocrx_word' id='word_1_149' title='bbox 1581 2046 1763 2111; x_wconf 90' lang='lat' dir='ltr'>papiria</span> <span class='ocrx_word' id='word_1_150' title='bbox 1778 2046 1936 2093; x_wconf 91' lang='lat' dir='ltr'>datum</span> <span class='ocrx_word' id='word_1_151' title='bbox 1961 2047 2033 2092; x_wconf 90' lang='lat' dir='ltr'>est</span> <span class='ocrx_word' id='word_1_152' title='bbox 2050 2045 2415 2104; x_wconf 89' lang='lat' dir='ltr'>transsumptum</span> 
     </span>
     <span class='ocr_line' id='line_1_17' title="bbox 503 2128 2415 2211; baseline -0.012 -15"><span class='ocrx_word' id='word_1_153' title='bbox 503 2150 551 2196; x_wconf 91' lang='lat' dir='ltr'>in</span> <span class='ocrx_word' id='word_1_154' title='bbox 575 2160 858 2211; x_wconf 89' lang='lat' dir='ltr'>pergameno</span> <span class='ocrx_word' id='word_1_155' title='bbox 877 2145 935 2191; x_wconf 88' lang='lat' dir='ltr'>de</span> <span class='ocrx_word' id='word_1_156' title='bbox 954 2158 1077 2190; x_wconf 90' lang='lat' dir='ltr'>anno</span> <span class='ocrx_word' id='word_1_157' title='bbox 1102 2139 1297 2189; x_wconf 90' lang='lat' dir='ltr'>Domini</span> <span class='ocrx_word' id='word_1_158' title='bbox 1321 2137 1568 2186; x_wconf 91' lang='lat' dir='ltr'>millesimo</span> <span class='ocrx_word' id='word_1_159' title='bbox 1586 2131 2042 2198; x_wconf 89' lang='lat' dir='ltr'>quadringentesimo</span> <span class='ocrx_word' id='word_1_160' title='bbox 2066 2128 2415 2192; x_wconf 88' lang='lat' dir='ltr'>quadragesimo</span> 
     </span>
     <span class='ocr_line' id='line_1_18' title="bbox 504 2215 2418 2287; baseline -0.013 -1"><span class='ocrx_word' id='word_1_161' title='bbox 504 2240 643 2287; x_wconf 84' lang='lat' dir='ltr'>sexto</span> <span class='ocrx_word' id='word_1_162' title='bbox 680 2264 690 2272; x_wconf 92' lang='lat'><strong>·</strong></span> <span class='ocrx_word' id='word_1_163' title='bbox 728 2234 795 2283; x_wconf 89' lang='lat' dir='ltr'>Et</span> <span class='ocrx_word' id='word_1_164' title='bbox 818 2232 992 2281; x_wconf 88' lang='lat' dir='ltr'>mensis</span> <span class='ocrx_word' id='word_1_165' title='bbox 1015 2227 1297 2279; x_wconf 89' lang='lat' dir='ltr'>Decembris</span> <span class='ocrx_word' id='word_1_166' title='bbox 1320 2226 1395 2274; x_wconf 91' lang='lat' dir='ltr'>die</span> <span class='ocrx_word' id='word_1_167' title='bbox 1418 2224 1808 2286; x_wconf 84' lang='lat' dir='ltr'>vicesimaquarta</span> <span class='ocrx_word' id='word_1_168' title='bbox 1830 2235 1934 2268; x_wconf 91' lang='lat' dir='ltr'>cum</span> <span class='ocrx_word' id='word_1_169' title='bbox 1958 2217 2108 2280; x_wconf 91' lang='lat' dir='ltr'>sigillo</span> <span class='ocrx_word' id='word_1_170' title='bbox 2144 2215 2418 2264; x_wconf 89' lang='lat' dir='ltr'>officialatus</span> 
     </span>
     <span class='ocr_line' id='line_1_19' title="bbox 505 2303 2415 2384; baseline -0.014 -10"><span class='ocrx_word' id='word_1_171' title='bbox 505 2322 838 2373; x_wconf 89' lang='lat' dir='ltr'>Brechinensis</span> <span class='ocrx_word' id='word_1_172' title='bbox 876 2320 1111 2384; x_wconf 89' lang='lat' dir='ltr'>pendente</span> <span class='ocrx_word' id='word_1_173' title='bbox 1151 2317 1200 2364; x_wconf 92' lang='lat' dir='ltr'>in</span> <span class='ocrx_word' id='word_1_174' title='bbox 1240 2331 1349 2363; x_wconf 88' lang='lat' dir='ltr'>cera</span> <span class='ocrx_word' id='word_1_175' title='bbox 1387 2313 1532 2361; x_wconf 88' lang='lat' dir='ltr'>rubea</span> <span class='ocrx_word' id='word_1_176' title='bbox 1570 2310 1675 2358; x_wconf 86' lang='lat' dir='ltr'>albe</span> <span class='ocrx_word' id='word_1_177' title='bbox 1716 2309 1942 2371; x_wconf 88' lang='lat' dir='ltr'>impressa</span> <span class='ocrx_word' id='word_1_178' title='bbox 1979 2334 1988 2343; x_wconf 92' lang='lat'><strong>·</strong></span> <span class='ocrx_word' id='word_1_179' title='bbox 2028 2306 2092 2352; x_wconf 93' lang='lat' dir='ltr'>Et</span> <span class='ocrx_word' id='word_1_180' title='bbox 2127 2305 2212 2352; x_wconf 89' lang='lat' dir='ltr'>sub</span> <span class='ocrx_word' id='word_1_181' title='bbox 2238 2303 2415 2350; x_wconf 86' lang='lat' dir='ltr'>duobus</span> 
     </span>
     <span class='ocr_line' id='line_1_20' title="bbox 505 2390 2420 2469; baseline -0.014 -7"><span class='ocrx_word' id='word_1_182' title='bbox 505 2412 704 2462; x_wconf 88' lang='lat' dir='ltr'>notariis</span> <span class='ocrx_word' id='word_1_183' title='bbox 726 2410 948 2459; x_wconf 69' lang='lat' dir='ltr'>‚Iohanne</span> <span class='ocrx_word' id='word_1_184' title='bbox 985 2405 1118 2469; x_wconf 82' lang='lat' dir='ltr'>Steyl</span> <span class='ocrx_word' id='word_1_185' title='bbox 1143 2409 1191 2452; x_wconf 92' lang='lat' dir='ltr'>et</span> <span class='ocrx_word' id='word_1_186' title='bbox 1217 2402 1491 2450; x_wconf 90' lang='lat' dir='ltr'>Alexandro</span> <span class='ocrx_word' id='word_1_187' title='bbox 1529 2399 1706 2446; x_wconf 87' lang='lat' dir='ltr'>Thome</span> <span class='ocrx_word' id='word_1_188' title='bbox 1745 2425 1754 2434; x_wconf 92' lang='lat'><strong>·</strong></span> <span class='ocrx_word' id='word_1_189' title='bbox 1791 2396 1916 2443; x_wconf 93' lang='lat' dir='ltr'>Item</span> <span class='ocrx_word' id='word_1_190' title='bbox 1957 2394 2004 2440; x_wconf 90' lang='lat' dir='ltr'>in</span> <span class='ocrx_word' id='word_1_191' title='bbox 2043 2393 2242 2456; x_wconf 89' lang='lat' dir='ltr'>quadam</span> <span class='ocrx_word' id='word_1_192' title='bbox 2281 2390 2420 2438; x_wconf 81' lang='lat' dir='ltr'>litera</span> 
     </span>
     <span class='ocr_line' id='line_1_21' title="bbox 506 2480 2419 2567; baseline -0.013 -17"><span class='ocrx_word' id='word_1_193' title='bbox 506 2499 776 2567; x_wconf 90' lang='lat' dir='ltr'>pergameni</span> <span class='ocrx_word' id='word_1_194' title='bbox 799 2496 1006 2560; x_wconf 89' lang='lat' dir='ltr'>sigillata</span> <span class='ocrx_word' id='word_1_195' title='bbox 1028 2494 1232 2558; x_wconf 91' lang='lat' dir='ltr'>quinque</span> <span class='ocrx_word' id='word_1_196' title='bbox 1255 2489 1419 2553; x_wconf 91' lang='lat' dir='ltr'>sigillis</span> <span class='ocrx_word' id='word_1_197' title='bbox 1442 2487 1734 2536; x_wconf 88' lang='lat' dir='ltr'>dominorum</span> <span class='ocrx_word' id='word_1_198' title='bbox 1762 2483 2055 2547; x_wconf 90' lang='lat' dir='ltr'>sequentium</span> <span class='ocrx_word' id='word_1_199' title='bbox 2093 2509 2103 2518; x_wconf 89' lang='lat'><strong>·</strong></span> <span class='ocrx_word' id='word_1_200' title='bbox 2139 2481 2204 2528; x_wconf 92' lang='lat' dir='ltr'>Et</span> <span class='ocrx_word' id='word_1_201' title='bbox 2238 2480 2419 2542; x_wconf 86' lang='lat' dir='ltr'>signata</span> 
     </span>
     <span class='ocr_line' id='line_1_22' title="bbox 507 2566 2419 2655; baseline -0.014 -15"><span class='ocrx_word' id='word_1_202' title='bbox 507 2607 592 2655; x_wconf 90' lang='lat' dir='ltr'>per</span> <span class='ocrx_word' id='word_1_203' title='bbox 609 2588 844 2638; x_wconf 90' lang='lat' dir='ltr'>notarium</span> <span class='ocrx_word' id='word_1_204' title='bbox 866 2584 1105 2632; x_wconf 91' lang='lat' dir='ltr'>Andream</span> <span class='ocrx_word' id='word_1_205' title='bbox 1123 2578 1344 2628; x_wconf 86' lang='lat' dir='ltr'>Mauricii</span> <span class='ocrx_word' id='word_1_206' title='bbox 1361 2576 1594 2626; x_wconf 89' lang='lat' dir='ltr'>notarium</span> <span class='ocrx_word' id='word_1_207' title='bbox 1612 2573 1846 2638; x_wconf 90' lang='lat' dir='ltr'>publicum</span> <span class='ocrx_word' id='word_1_208' title='bbox 1885 2599 1895 2608; x_wconf 87' lang='lat'><strong>·</strong></span> <span class='ocrx_word' id='word_1_209' title='bbox 1934 2570 1998 2618; x_wconf 91' lang='lat' dir='ltr'>Et</span> <span class='ocrx_word' id='word_1_210' title='bbox 2023 2570 2080 2616; x_wconf 92' lang='lat' dir='ltr'>de</span> <span class='ocrx_word' id='word_1_211' title='bbox 2106 2584 2227 2616; x_wconf 90' lang='lat' dir='ltr'>anno</span> <span class='ocrx_word' id='word_1_212' title='bbox 2246 2566 2419 2615; x_wconf 90' lang='lat' dir='ltr'>domini</span> 
     </span>
     <span class='ocr_line' id='line_1_23' title="bbox 507 2654 2420 2739; baseline -0.015 -11"><span class='ocrx_word' id='word_1_213' title='bbox 507 2678 756 2727; x_wconf 89' lang='lat' dir='ltr'>millesimo</span> <span class='ocrx_word' id='word_1_214' title='bbox 791 2670 1249 2739; x_wconf 89' lang='lat' dir='ltr'>quadringentesimo</span> <span class='ocrx_word' id='word_1_215' title='bbox 1287 2665 1691 2727; x_wconf 87' lang='lat' dir='ltr'>tricesimoquarto</span> <span class='ocrx_word' id='word_1_216' title='bbox 1723 2659 1894 2708; x_wconf 90' lang='lat' dir='ltr'>mensis</span> <span class='ocrx_word' id='word_1_217' title='bbox 1927 2656 2095 2704; x_wconf 88' lang='lat' dir='ltr'>Marcii</span> <span class='ocrx_word' id='word_1_218' title='bbox 2120 2656 2195 2702; x_wconf 91' lang='lat' dir='ltr'>die</span> <span class='ocrx_word' id='word_1_219' title='bbox 2219 2654 2420 2702; x_wconf 91' lang='lat' dir='ltr'>decimo-</span> 
     </span>
     <span class='ocr_line' id='line_1_24' title="bbox 510 2741 2421 2818; baseline -0.017 0"><span class='ocrx_word' id='word_1_220' title='bbox 510 2785 634 2818; x_wconf 92' lang='lat' dir='ltr'>nono</span> <span class='ocrx_word' id='word_1_221' title='bbox 681 2765 951 2815; x_wconf 88' lang='lat' dir='ltr'>continetur</span> <span class='ocrx_word' id='word_1_222' title='bbox 987 2760 1100 2809; x_wconf 89' lang='lat' dir='ltr'>talis</span> <span class='ocrx_word' id='word_1_223' title='bbox 1141 2755 1351 2806; x_wconf 89' lang='lat' dir='ltr'>clausula</span> <span class='ocrx_word' id='word_1_224' title='bbox 1399 2782 1408 2791; x_wconf 91' lang='lat'><strong>·</strong></span> <span class='ocrx_word' id='word_1_225' title='bbox 1457 2753 1555 2800; x_wconf 92' lang='lat' dir='ltr'>Nos</span> <span class='ocrx_word' id='word_1_226' title='bbox 1604 2747 1870 2797; x_wconf 91' lang='lat' dir='ltr'>Willelmus</span> <span class='ocrx_word' id='word_1_227' title='bbox 1917 2743 2214 2792; x_wconf 87' lang='lat' dir='ltr'>miseratione</span> <span class='ocrx_word' id='word_1_228' title='bbox 2262 2741 2421 2788; x_wconf 81' lang='lat' dir='ltr'>diuina</span> 
     </span>
     <span class='ocr_line' id='line_1_25' title="bbox 510 2828 2421 2910; baseline -0.017 -4"><span class='ocrx_word' id='word_1_229' title='bbox 510 2858 658 2906; x_wconf 86' lang='lat' dir='ltr'>abbas</span> <span class='ocrx_word' id='word_1_230' title='bbox 679 2851 951 2903; x_wconf 89' lang='lat' dir='ltr'>monasterii</span> <span class='ocrx_word' id='word_1_231' title='bbox 975 2850 1033 2910; x_wconf 88' lang='lat' dir='ltr'>de</span> <span class='ocrx_word' id='word_1_232' title='bbox 1059 2847 1215 2910; x_wconf 87' lang='lat' dir='ltr'>Cupro</span> <span class='ocrx_word' id='word_1_233' title='bbox 1250 2840 1574 2892; x_wconf 86' lang='lat' dir='ltr'>Cisterciensis</span> <span class='ocrx_word' id='word_1_234' title='bbox 1613 2835 1788 2885; x_wconf 89' lang='lat' dir='ltr'>ordinis</span> <span class='ocrx_word' id='word_1_235' title='bbox 1829 2831 2166 2882; x_wconf 88' lang='lat' dir='ltr'>Sanctiandree</span> <span class='ocrx_word' id='word_1_236' title='bbox 2208 2828 2421 2877; x_wconf 86' lang='lat' dir='ltr'>dioecesis</span> 
     </span>
     <span class='ocr_line' id='line_1_26' title="bbox 510 2918 2423 2995; baseline -0.016 -1"><span class='ocrx_word' id='word_1_237' title='bbox 510 2943 760 2993; x_wconf 91' lang='lat' dir='ltr'>Donaldus</span> <span class='ocrx_word' id='word_1_238' title='bbox 795 2937 1121 2988; x_wconf 87' lang='lat' dir='ltr'>Maknachtan</span> <span class='ocrx_word' id='word_1_239' title='bbox 1157 2931 1388 2995; x_wconf 89' lang='lat' dir='ltr'>Magister</span> <span class='ocrx_word' id='word_1_240' title='bbox 1421 2929 1469 2975; x_wconf 93' lang='lat' dir='ltr'>in</span> <span class='ocrx_word' id='word_1_241' title='bbox 1503 2925 1683 2974; x_wconf 86' lang='lat' dir='ltr'>artibus</span> <span class='ocrx_word' id='word_1_242' title='bbox 1717 2924 2008 2970; x_wconf 89' lang='lat' dir='ltr'>decretorum</span> <span class='ocrx_word' id='word_1_243' title='bbox 2033 2919 2198 2966; x_wconf 92' lang='lat' dir='ltr'>doctor</span> <span class='ocrx_word' id='word_1_244' title='bbox 2220 2918 2423 2964; x_wconf 84' lang='lat' dir='ltr'>decanus</span> 
     </span>
     <span class='ocr_line' id='line_1_27' title="bbox 512 3004 2423 3080; baseline -0.017 0"><span class='ocrx_word' id='word_1_245' title='bbox 512 3028 864 3080; x_wconf 89' lang='lat' dir='ltr'>Dunkeldensis</span> <span class='ocrx_word' id='word_1_246' title='bbox 901 3027 935 3074; x_wconf 86' lang='lat' dir='ltr'><strong>J</strong></span> <span class='ocrx_word' id='word_1_247' title='bbox 939 3026 1147 3074; x_wconf 90' lang='lat' dir='ltr'>ohannes</span> <span class='ocrx_word' id='word_1_248' title='bbox 1183 3022 1389 3070; x_wconf 88' lang='lat' dir='ltr'>Stewart</span> <span class='ocrx_word' id='word_1_249' title='bbox 1439 3014 1667 3077; x_wconf 89' lang='lat' dir='ltr'>Magister</span> <span class='ocrx_word' id='word_1_250' title='bbox 1710 3009 1981 3058; x_wconf 88' lang='lat' dir='ltr'>licentiatus</span> <span class='ocrx_word' id='word_1_251' title='bbox 2015 3006 2061 3053; x_wconf 93' lang='lat' dir='ltr'>in</span> <span class='ocrx_word' id='word_1_252' title='bbox 2097 3004 2275 3067; x_wconf 91' lang='lat' dir='ltr'>legibus</span> <span class='ocrx_word' id='word_1_253' title='bbox 2320 3019 2423 3066; x_wconf 89' lang='lat' dir='ltr'>pre-</span> 
     </span>
     <span class='ocr_line' id='line_1_28' title="bbox 514 3090 2426 3183; baseline -0.017 -14"><span class='ocrx_word' id='word_1_254' title='bbox 514 3120 696 3183; x_wconf 91' lang='lat' dir='ltr'>positus</span> <span class='ocrx_word' id='word_1_255' title='bbox 719 3115 918 3165; x_wconf 89' lang='lat' dir='ltr'>ecclesie</span> <span class='ocrx_word' id='word_1_256' title='bbox 941 3111 1188 3174; x_wconf 87' lang='lat' dir='ltr'>collegiate</span> <span class='ocrx_word' id='word_1_257' title='bbox 1213 3109 1271 3156; x_wconf 93' lang='lat' dir='ltr'>de</span> <span class='ocrx_word' id='word_1_258' title='bbox 1296 3104 1514 3154; x_wconf 86' lang='lat' dir='ltr'>Methfan</span> <span class='ocrx_word' id='word_1_259' title='bbox 1531 3098 1761 3164; x_wconf 85' lang='lat' dir='ltr'>Dugallus</span> <span class='ocrx_word' id='word_1_260' title='bbox 1784 3098 1842 3144; x_wconf 91' lang='lat' dir='ltr'>de</span> <span class='ocrx_word' id='word_1_261' title='bbox 1862 3096 2062 3157; x_wconf 85' lang='lat' dir='ltr'>Lotqwo</span> <span class='ocrx_word' id='word_1_262' title='bbox 2085 3091 2356 3139; x_wconf 89' lang='lat' dir='ltr'>licentiatus</span> <span class='ocrx_word' id='word_1_263' title='bbox 2378 3090 2426 3136; x_wconf 89' lang='lat' dir='ltr'>in</span> 
     </span>
     <span class='ocr_line' id='line_1_29' title="bbox 512 3178 2426 3261; baseline -0.017 -4"><span class='ocrx_word' id='word_1_264' title='bbox 512 3207 718 3256; x_wconf 88' lang='lat' dir='ltr'>decretis</span> <span class='ocrx_word' id='word_1_265' title='bbox 757 3208 914 3252; x_wconf 90' lang='lat' dir='ltr'>rector</span> <span class='ocrx_word' id='word_1_266' title='bbox 957 3201 1166 3261; x_wconf 86' lang='lat' dir='ltr'>eiusdem</span> <span class='ocrx_word' id='word_1_267' title='bbox 1211 3200 1260 3244; x_wconf 89' lang='lat' dir='ltr'>et</span> <span class='ocrx_word' id='word_1_268' title='bbox 1306 3191 1578 3242; x_wconf 88' lang='lat' dir='ltr'>Alexander</span> <span class='ocrx_word' id='word_1_269' title='bbox 1617 3189 1675 3236; x_wconf 92' lang='lat' dir='ltr'>de</span> <span class='ocrx_word' id='word_1_270' title='bbox 1710 3182 2024 3235; x_wconf 88' lang='lat' dir='ltr'>Castilstarris</span> <span class='ocrx_word' id='word_1_271' title='bbox 2069 3178 2334 3227; x_wconf 89' lang='lat' dir='ltr'>bacularins</span> <span class='ocrx_word' id='word_1_272' title='bbox 2378 3178 2426 3224; x_wconf 91' lang='lat' dir='ltr'>in</span> 
     </span>
     <span class='ocr_line' id='line_1_30' title="bbox 515 3267 2429 3348; baseline -0.017 -4"><span class='ocrx_word' id='word_1_273' title='bbox 515 3294 719 3344; x_wconf 86' lang='lat' dir='ltr'>decretis</span> <span class='ocrx_word' id='word_1_274' title='bbox 741 3292 944 3342; x_wconf 81' lang='lat' dir='ltr'>vicarius</span> <span class='ocrx_word' id='word_1_275' title='bbox 967 3288 1164 3337; x_wconf 89' lang='lat' dir='ltr'>ecclesie</span> <span class='ocrx_word' id='word_1_276' title='bbox 1187 3279 1468 3348; x_wconf 88' lang='lat' dir='ltr'>parochialis</span> <span class='ocrx_word' id='word_1_277' title='bbox 1491 3279 1548 3326; x_wconf 91' lang='lat' dir='ltr'>de</span> <span class='ocrx_word' id='word_1_278' title='bbox 1574 3275 1805 3323; x_wconf 86' lang='lat' dir='ltr'>Muktone</span> <span class='ocrx_word' id='word_1_279' title='bbox 1831 3268 1997 3319; x_wconf 75' lang='lat' dir='ltr'>arbitri</span> <span class='ocrx_word' id='word_1_280' title='bbox 2021 3267 2326 3316; x_wconf 88' lang='lat' dir='ltr'>arbitratores</span> <span class='ocrx_word' id='word_1_281' title='bbox 2347 3280 2429 3314; x_wconf 91' lang='lat' dir='ltr'>seu</span> 
     </span>
    </p>
   </div>
  </div>
 </body>
</html>
