2950 3970
669 643 1136 704 REGISTRUM
1175 651 1711 725 EPISCOPATUS
1754 661 2331 721 BREGHINENSIS.
2386 670 2494 724 223

564 835 774 879 nostrum
813 836 985 897 apponi
1025 840 1320 902 precepimus
1358 844 1625 895 {Testibus
1663 851 1919 897 reuerendo
1943 851 1989 898 in
2015 851 2170 900 Cristo
2194 857 2327 915 patre
2366 855 2486 901 Wil-

562 919 703 968 lelmo
728 922 948 987 episcopo
977 926 1304 979 Aberdonensi
1329 934 1477 982 nostri
1506 935 1678 984 secreti
1701 937 1840 999 sigilli
1865 940 2059 988 custode
2083 940 2268 990 dilectis
2291 957 2483 990 consan-

561 1009 746 1071 guineis
780 1013 955 1061 nostris
981 1015 1269 1065 Archibaldo
1293 1019 1478 1069 Comite
1515 1023 1573 1070 de
1610 1023 1770 1087 Ergile
1795 1026 1982 1074 domino
2007 1026 2258 1091 Campbele
2282 1034 2330 1076 et
2357 1030 2479 1077 Lorn

560 1099 786 1161 magistro
811 1101 1002 1165 hospitii
1029 1105 1178 1152 nostri
1205 1107 1412 1156 Patricio
1438 1110 1622 1159 Comite
1658 1113 1716 1159 de
1753 1113 1976 1162 Bothuile
2001 1116 2188 1163 domino
2214 1117 2367 1180 Halys
2391 1123 2477 1165 etc.

559 1187 720 1235 Dauid
755 1189 940 1238 Comite
975 1192 1033 1238 de
1074 1193 1298 1242 Levenax
1337 1197 1526 1246 domino
1566 1199 1761 1248 Dernlie
1787 1201 2064 1251 Alexandro
2099 1205 2285 1252 domino
2323 1204 2478 1253 Hume

558 1292 726 1339 magno
751 1277 1024 1327 Camerario
1062 1285 1224 1330 nostro
1251 1283 1448 1332 Andrea
1471 1287 1658 1335 domino
1694 1290 1823 1352 Gray
1851 1290 2114 1351 justiciario
2139 1295 2297 1340 nostro
2321 1309 2479 1340 vener-

557 1364 670 1412 abili
709 1366 757 1413 in
797 1366 956 1415 Cristo
994 1372 1128 1430 patre
1165 1370 1350 1420 Jacobo
1387 1374 1558 1422 abbate
1582 1377 1852 1424 monasterii
1876 1379 2024 1426 nostri
2060 1380 2116 1425 de
2154 1379 2477 1443 Dunfermling

557 1453 852 1502 thesaurario
875 1459 1039 1504 nostro
1077 1484 1086 1494 ·
1125 1456 1190 1505 Et
1215 1458 1388 1508 dilecto
1413 1460 1596 1510 Clerico
1630 1468 1791 1512 nostro
1814 1464 2037 1527 magistro
2061 1467 2258 1514 Gawino
2283 1467 2478 1515 Dunbar

557 1542 889 1592 archidiacono
929 1545 1269 1594 Sanctiandree
1306 1553 1569 1597 nostrorum
1607 1550 1862 1599 rotulorum
1901 1556 1950 1600 et
1986 1554 2168 1616 registri
2205 1570 2261 1602 ac
2295 1555 2474 1604 consilii

557 1631 731 1679 clerico
755 1633 898 1695 Apud
925 1633 1185 1698 Striueling
1207 1636 1570 1685 vicesimotertio
1604 1638 1680 1685 die
1715 1639 1887 1687 mensis
1912 1641 2111 1702 Augusti
2135 1658 2257 1689 anuo
2283 1643 2471 1690 Domini

557 1719 806 1768 millesimo
830 1721 1204 1784 quingentesimo
1229 1724 1392 1786 quinto
1418 1729 1466 1772 et
1493 1726 1643 1788 Regni
1668 1727 1815 1775 nostri
1839 1728 2191 1776 decimooctauo
2228 1758 2237 1767 ·

561 1920 801 1968 Fundatio
826 1921 1087 1983 capellanie
1112 1924 1169 1969 de
1196 1922 1444 1986 Carmylyc
1483 1953 1492 1961 ·

439 2077 532 2122 113
566 2043 800 2123 Jacobus
847 2075 941 2123 Dei
987 2077 1141 2138 gratia
1188 2093 1272 2124 rex
1314 2077 1558 2125 Scotorum
1599 2106 1608 2115 -
1649 2107 1658 2115 ·
1698 2107 1706 2115 ·
1744 2079 1917 2127 Sciatis
1955 2096 2040 2128 nos
2081 2082 2310 2143 quandam
2359 2081 2471 2128 Car-

557 2167 656 2210 tam
692 2163 1023 2212 infeodationis
1058 2168 1107 2211 et
1149 2165 1416 2213 donationis
1460 2165 1636 2213 factam
1683 2183 1766 2229 per
1811 2166 2032 2215 dilectum
2067 2172 2277 2216 nostrum
2313 2168 2468 2216 Dauid

558 2251 926 2300 Strathanchine
953 2253 1011 2299 de
1036 2251 1255 2314 Carmyle
1279 2252 1327 2298 in
1351 2252 1535 2300 laudem
1561 2258 1609 2300 et
1633 2254 1854 2301 honorem
1893 2255 1988 2302 Dei
2022 2256 2353 2318 omnipotentis
2375 2257 2471 2318 glo-

556 2340 770 2403 rioseque
788 2340 979 2402 virginis
999 2340 1152 2387 Marie
1171 2355 1253 2388 sue
1272 2340 1436 2388 matris
1453 2357 1510 2388 ac
1527 2341 1733 2388 omnium
1752 2346 2016 2389 sanctorum
2056 2369 2066 2379 ·
2106 2370 2115 2379 ·
2153 2371 2162 2380 ·
2200 2344 2259 2390 ad
2283 2343 2468 2406 plenum

555 2428 846 2477 intellexisse
871 2429 956 2477 sub
981 2429 1070 2476 hac
1093 2429 1243 2476 forma
1281 2456 1290 2465 ·
1327 2428 1553 2476 Omnibus
1577 2430 1697 2483 hanc
1718 2432 1897 2476 cartam
1933 2429 2100 2478 visuris
2134 2429 2207 2477 vel
2241 2431 2468 2478 audituris

556 2517 716 2564 Dauid
751 2517 1089 2566 Strathauchin
1127 2518 1185 2565 de
1222 2517 1441 2580 Carmyle
1469 2545 1478 2554 ·
1507 2545 1515 2553 ·
1544 2506 1557 2554 ἕ
1580 2517 1753 2565 Sciatis
1788 2533 1861 2564 me
1902 2517 2085 2581 dedisse
2112 2545 2122 2555 ·
2150 2546 2159 2555 ·
2189 2546 2198 2556 ·
2224 2534 2364 2565 unum
2387 2534 2468 2565 an-

553 2623 696 2654 nuum
721 2606 958 2654 redditum
983 2606 1189 2669 quinque
1214 2621 1472 2653 marcarum
1495 2604 1672 2653 usualis
1689 2608 1876 2652 monete
1894 2594 2022 2667 regni
2046 2604 2204 2653 Scotie
2226 2606 2465 2653 annuatim

553 2695 804 2743 leuandum
828 2698 878 2743 et
902 2694 1248 2757 percipiendum
1285 2694 1345 2740 ad
1381 2693 1505 2740 festa,
1545 2692 1627 2739 viz.
1666 2692 2004 2740 Penthecostes
2044 2696 2092 2740 et
2134 2692 2296 2740 Sancti
2339 2693 2466 2740 Mar-

553 2784 642 2832 tini
667 2783 715 2831 in
737 2783 905 2845 hyeme
929 2798 1012 2845 per
1035 2781 1225 2845 equales
1247 2780 1486 2843 portiones
1510 2781 1567 2826 de
1591 2783 1695 2827 toto
1729 2782 1778 2826 et
1813 2778 1994 2840 integro
2029 2779 2235 2827 manerio
2269 2796 2372 2827 meo
2407 2781 2464 2827 de

550 2871 768 2934 Carmyle
802 2875 852 2918 et
887 2869 1152 2918 molendino
1187 2869 1394 2916 eiusdem
1418 2883 1523 2916 cum
1548 2866 1844 2930 pertinentiis
1872 2866 2062 2928 jacente
2098 2867 2146 2914 in
2178 2863 2372 2915 *b'aronia
2404 2870 2463 2916 de

550 2964 787 3012 Panmwir
820 2966 870 3010 et
904 2962 1026 3009 infra
1051 2961 1426 3008 vicecomitatum
1461 2960 1519 3006 de
1555 2959 1722 3006 Forfar
1757 2986 1767 2995 ·
1807 2958 1999 3005 Necnon
2023 2958 2332 3021 quadraginta
2354 2959 2463 3007 soli-

550 3053 635 3100 dos
658 3051 803 3098 annui
827 3050 1040 3098 redditus
1075 3047 1329 3096 consimilis
1365 3050 1550 3094 monete
1574 3050 1623 3093 et
1646 3061 1731 3109 per
1752 3044 2018 3093 consimiles
2050 3045 2288 3108 portiones
2321 3051 2370 3093 et
2405 3048 2462 3093 ad

549 3138 818 3188 consimiles
862 3138 1090 3186 terminos
1134 3136 1360 3184 leuandos
1394 3138 1443 3183 et
1477 3133 1803 3197 percipiendos
1837 3133 1895 3180 de
1931 3132 2145 3180 omnibus
2189 3132 2294 3180 aliis
2326 3134 2464 3181 terris

549 3227 666 3275 meis
699 3225 956 3275 husbandis
997 3241 1102 3273 cum
1137 3223 1435 3288 pertinentiis
1462 3221 1731 3283 jacentibus
1765 3220 1887 3267 infra
1921 3219 2174 3267 dominium
2208 3236 2364 3267 meum
2406 3222 2462 3267 de

549 3312 768 3377 Carmyle
807 3313 1070 3376 predictum
1107 3311 1315 3359 manerio
1350 3325 1454 3358 meo
1490 3310 1547 3356 de
1584 3307 1801 3371 Carmyle
1849 3311 1898 3355 et
1946 3306 2210 3355 molendino
2255 3307 2459 3355 eiusdem
