2950 3970
627 630 1088 689 REGISTRUM
1127 636 1661 695 EPISCOPATUS
1701 598 2282 702 BRECHINENSIS.
2350 650 2454 705 173

524 818 670 867 Cuius
706 836 814 868 vero
847 825 986 870 tenor
1018 825 1230 888 sequitur
1264 831 1313 874 et
1348 832 1420 876 est
1455 828 1566 877 talis
1607 831 1712 878 Hec
1755 831 1994 895 inquisitio
2030 834 2158 881 facta
2189 835 2279 882 fuit
2318 837 2441 899 apud

525 906 816 956 Kincardine
863 910 911 957 in
956 911 1000 958 16
1050 914 1266 977 Mernyss
1314 916 1464 979 prima
1508 916 1585 966 die
1631 919 1803 968 mensis
1852 920 2033 984 Aprilis
2079 938 2200 970 anno
2247 923 2437 971 Domini

522 995 771 1044 millesimo
823 1000 1280 1063 quadringentesimo
1332 1005 1686 1069 quadragesimo
1744 1012 1913 1056 octauo
1965 1024 2123 1056 coram
2180 1010 2439 1059 honorabili

520 1083 619 1131 viro
656 1085 864 1135 Patricio
903 1089 1110 1152 Breklay
1140 1090 1430 1141 vicecomitis
1467 1094 1694 1157 deputato
1727 1096 1783 1143 de
1818 1096 2106 1144 Kincardine
2137 1114 2221 1161 per
2255 1098 2438 1147 litteras

519 1173 672 1235 regias
717 1174 765 1222 in
812 1176 901 1223 hac
948 1182 1083 1240 parte
1130 1195 1214 1242 per
1259 1180 1377 1229 istos
1421 1182 1710 1246 subscriptos
1757 1188 1805 1232 et
1843 1184 2028 1246 juratos
2074 1185 2153 1232 viz.
2202 1187 2436 1235 dominum

518 1263 759 1310 Andream
810 1264 980 1328 Ogiluy
1021 1267 1079 1314 de
1122 1267 1473 1316 Inchemartine
1529 1270 1686 1317 Dauid
1735 1272 1967 1319 Falconar
2011 1274 2068 1320 de
2116 1273 2435 1322 Halcartoune

518 1350 843 1400 Alexandrum
881 1353 1248 1403 Strathauchine
1287 1357 1345 1404 de
1383 1357 1686 1405 Thorntoune
1717 1358 2037 1407 Alexandrum
2074 1361 2434 1409 Strathauchine

516 1440 575 1486 de
601 1439 947 1490 Dulchewarde
984 1443 1237 1506 Georgium
1274 1444 1477 1508 Barclay
1515 1447 1572 1493 de
1613 1446 1834 1496 Mathiris
1870 1449 2126 1496 Robertum
2163 1449 2434 1498 Arbuthnot

516 1529 575 1575 de
622 1530 787 1577 eodem
835 1530 994 1578 Dauid
1043 1532 1355 1595 Scrymgeour
1400 1534 1458 1581 de
1510 1533 1806 1583 Balmakwin
1866 1536 2125 1584 Robertum
2174 1538 2330 1585 Bisset
2376 1539 2432 1585 de

516 1617 731 1680 Kynneff
768 1619 1035 1666 Walterum
1086 1620 1295 1683 Ramsay
1337 1621 1395 1667 de
1437 1621 1724 1668 Canterland
1770 1622 2058 1670 Willelmum
2102 1624 2338 1687 Malvvyne
2380 1627 2436 1673 de

518 1705 691 1754 Barras
748 1707 1010 1755 Robertum
1075 1708 1328 1756 Mortimar
1374 1709 1432 1756 de
1481 1708 1751 1757 Balandrou
1811 1710 1969 1757 Dauid
2015 1710 2337 1760 Cruikschank
2383 1718 2430 1760 et

515 1795 754 1842 Andream
791 1796 1046 1843 Stratoune
1089 1824 1098 1833 ·
1137 1797 1228 1851 Qui
1257 1797 1406 1858 jurati
1442 1797 1602 1845 dicunt
1644 1799 1766 1861 quod
1814 1799 2059 1862 episcopus
2109 1801 2431 1848 Brechinensis

512 1884 766 1932 modernus
791 1888 839 1931 et
863 1885 935 1932 sui
954 1885 1310 1947 predecessores
1333 1885 1520 1932 fuerunt
1540 1890 1588 1933 et
1608 1889 1716 1934 sunt
1740 1886 1788 1933 in
1812 1887 2102 1949 possessione
2126 1888 2185 1934 ab
2209 1889 2432 1951 antiquis-

511 1972 643 2020 simis
688 1973 980 2036 temporibus
1026 1974 1151 2036 quod
1197 1989 1291 2020 non
1340 1977 1413 2022 est
1459 1973 1684 2021 memoria
1720 1974 1767 2020 in
1805 1975 2087 2022 contrarium
2125 1976 2182 2022 de
2217 1977 2431 2023 secundis

512 2062 707 2110 decimis
744 2066 793 2109 et
833 2063 890 2108 de
925 2061 970 2109 le
1005 2062 1136 2108 teind
1182 2078 1339 2124 penny
1375 2062 1433 2108 de
1466 2061 1511 2108 le
1549 2062 1746 2109 Meirnis
1789 2062 1847 2108 de
1888 2062 2100 2110 omnibus
2146 2067 2193 2110 et
2239 2063 2429 2126 singulis

512 2150 684 2197 wardis
709 2150 897 2198 releuiis
920 2150 1181 2212 maritagiis
1204 2150 1372 2198 finibus
1395 2150 1629 2197 eschaetis
1652 2165 1708 2196 ac
1733 2149 1965 2197 curiarum
1986 2149 2252 2197 Camerarie
2279 2151 2429 2199 Justi-

511 2238 654 2285 ciarie
692 2243 740 2286 et
779 2239 1087 2287 Vicecomitis
1127 2239 1336 2287 exitibus
1375 2238 1572 2301 aliisque
1612 2237 1938 2286 emolumentis
1977 2237 2324 2301 quibuscunque
2368 2240 2424 2285 de

509 2327 854 2389 pertinentibus
889 2327 948 2374 ad
990 2343 1146 2389 regem
1181 2327 1303 2374 infra
1337 2327 1514 2374 dictum
1549 2326 1926 2374 vicecomitatum
1964 2353 1974 2363 ·
2011 2326 2237 2388 Quodque
2273 2326 2425 2374 dictus

509 2415 756 2478 episcopus
779 2416 1030 2463 modernus
1055 2420 1103 2463 et
1127 2415 1199 2463 sui
1223 2417 1578 2478 predecessores
1600 2415 1668 2462 ita
1690 2414 1846 2462 omnia
1879 2414 2069 2477 pacifice
2106 2414 2342 2477 percipere
2378 2418 2426 2461 et

508 2504 710 2565 gaudere
731 2508 1076 2551 consueuerunt
1094 2520 1185 2551 non
1205 2503 1502 2551 obstantibus
1520 2503 1884 2566 quibuscumque
1903 2501 2277 2549 concessionibus
2301 2518 2424 2549 com-

508 2592 820 2654 positionibus
843 2592 1196 2639 vendicionibus
1231 2591 1581 2639 remissionibus
1617 2594 1700 2638 aut
1736 2590 2002 2637 dationibus
2035 2605 2120 2652 per
2153 2604 2308 2651 regem
2341 2595 2423 2637 aut

508 2695 825 2744 quoscumque
860 2679 979 2727 alios
1015 2681 1072 2727 de
1109 2679 1327 2727 secundis
1368 2679 1561 2726 decimis
1595 2679 1652 2724 de
1690 2677 1882 2724 Wardis
1916 2676 2102 2725 releuiis
2135 2681 2218 2724 aut
2253 2679 2423 2726 ceteris

507 2771 614 2820 aliis
638 2771 967 2820 emolumentis
991 2771 1274 2834 supradictis
1312 2799 1321 2808 ·
1361 2771 1424 2818 Et
1449 2787 1532 2833 pro
1558 2769 1651 2817 illis
1674 2769 1887 2816 omnibus
1911 2769 2154 2832 episcopus
2176 2770 2422 2818 modernus

507 2863 557 2906 et
592 2860 663 2908 sui
699 2861 1055 2923 predecessores
1089 2876 1173 2923 per
1206 2875 1314 2907 suos
1349 2859 1562 2922 proprios
1597 2857 1844 2904 officiarios
1876 2856 1923 2902 in
1961 2856 2146 2904 defectu
2179 2855 2423 2904 solutionis

506 2949 823 3011 predictarum
849 2949 1190 2996 distrinxerunt
1214 2952 1262 2995 et
1287 2947 1562 3009 distringere
1598 2948 1938 2993 consueuerunt
1975 2971 1984 2980 -
2023 2945 2215 2992 Necnon
2252 2949 2301 2992 et
2337 2961 2420 3007 pro

506 3037 652 3084 firmis
674 3041 905 3085 terrarum
931 3053 1118 3084 suarum
1143 3040 1191 3083 et
1215 3035 1411 3083 aliarum
1435 3038 1665 3081 terrarum
1690 3032 1856 3080 annuis
1879 3031 2139 3093 redditibus
2172 3032 2314 3079 etiam
2338 3049 2421 3095 per

506 3125 720 3187 proprios
744 3124 992 3172 officiarios
1018 3124 1293 3185 distringere
1317 3123 1527 3169 fecerunt
1551 3125 1600 3179 et
1624 3124 1963 3167 consueuerunt
2001 3147 2010 3157 ·
2048 3120 2113 3167 Et
2143 3119 2422 3182 generaliter

506 3228 591 3276 pro
615 3212 829 3260 omnibus
852 3211 1087 3260 contentis
1111 3212 1157 3258 in
1182 3211 1382 3274 quadam
1405 3209 1544 3256 litera·
1567 3208 1693 3270 regia
1716 3208 1800 3255 sub
1825 3223 1990 3269 magno
2026 3207 2177 3269 sigillo
2211 3211 2419 3270 tempore

505 3301 858 3363 gubernationis
886 3299 1086 3348 Roberti
1114 3299 1266 3346 Ducis
1304 3297 1504 3344 Albanie
1543 3296 1589 3342 in
1633 3296 1803 3343 Latino
1842 3296 1903 3342 de
1937 3294 2098 3342 ultima
2137 3295 2212 3342 die
2249 3296 2419 3343 mensis
