2950 3970
522 602 631 656 140
698 599 1162 656 REGISTRUM
1201 581 1738 656 EPISCOPATUS
1780 579 2371 657 BRECHINENSIS.

518 806 716 854 cumque
741 790 820 854 qui
856 790 1107 839 seruicium
1130 793 1343 838 nostrum
1366 790 1522 837 facere
1546 793 1770 838 tenentur
1792 805 1878 853 pro
1902 790 2078 839 eisdem
2102 791 2162 838 ad
2187 790 2451 854 predictum

517 879 767 927 seruicium
808 883 1022 928 nostrum
1062 895 1147 942 per
1187 893 1504 942 quoscumque
1548 877 1748 944 balliuos
1783 893 1870 926 seu
1909 878 2151 928 ministros
2192 880 2250 926 de
2292 883 2452 926 cetero

516 967 859 1032 compellantur
896 996 906 1005 ·
944 967 1095 1016 Vobis
1117 966 1422 1030 precipiendo
1462 966 1739 1014 mandamus
1779 970 2014 1030 quatenus
2035 967 2453 1030 quotienscumque

516 1057 767 1106 seruicium
792 1061 1004 1105 nostrum
1029 1057 1087 1103 de
1111 1055 1253 1104 terris
1276 1055 1374 1103 suis
1396 1054 1624 1118 predictis
1648 1055 1859 1103 debitum
1884 1055 2073 1118 exigere
2097 1071 2180 1104 vos
2203 1056 2453 1119 contigerit

515 1147 667 1210 ipsum
716 1146 968 1195 seruicium
1011 1161 1042 1192 a
1085 1144 1414 1193 fundatoribus
1460 1147 1509 1191 et
1557 1143 1929 1192 infeodatoribus
1974 1143 2071 1192 suis
2117 1144 2197 1207 qui
2243 1145 2303 1192 ad
2339 1143 2455 1191 illud

517 1235 767 1284 seruicium
791 1238 1015 1283 tenentur
1036 1233 1253 1282 totaliter
1276 1233 1481 1296 exigatis
1504 1236 1554 1281 et
1578 1248 1740 1280 eorum
1764 1232 1906 1280 feoda
1928 1231 2154 1296 capitalia
2187 1233 2227 1281 si
2262 1248 2454 1282 necesse

514 1325 658 1372 fuerit
692 1340 778 1387 pro
814 1323 943 1371 dicto
979 1322 1180 1374 seruicio
1216 1322 1376 1370 debite
1412 1320 1707 1385 distringatis
1743 1349 1754 1359 ·
1795 1321 1876 1369 Ita
1911 1321 2034 1385 quod
2058 1325 2185 1370 terre
2221 1322 2454 1370 dictorum

515 1413 724 1477 episcopi
749 1411 916 1460 decani
941 1411 1271 1459 canonicorum
1308 1414 1357 1459 et
1392 1409 1741 1474 capellanorum
1776 1425 1833 1457 ac
1868 1426 2029 1458 eorum
2054 1410 2373 1474 possessiones
2395 1411 2455 1458 ab

512 1501 781 1550 huiusmodi
828 1500 1049 1548 oneribus
1091 1504 1140 1548 et
1184 1499 1514 1548 exactionibus
1553 1498 1700 1547 libere
1742 1499 1837 1547 sint
1878 1499 2068 1562 penitus
2105 1503 2250 1564 atque
2293 1500 2453 1564 quiete

519 1590 838 1651 Firmiterque
862 1589 1166 1652 prohibemus
1188 1604 1248 1636 ne
1273 1588 1379 1651 quis
1402 1588 1530 1651 ipsos
1554 1588 1825 1651 episcopum
1852 1589 2082 1636 decanum
2101 1589 2354 1637 canonicos
2371 1594 2453 1637 aut

517 1679 787 1743 capellanos
834 1695 917 1727 seu
964 1694 1124 1726 eorum
1182 1677 1387 1740 aliquem
1445 1676 1659 1725 homines
1718 1692 1828 1725 suos
1872 1693 1957 1725 seu
2003 1693 2163 1725 eorum
2211 1677 2334 1725 bona
2379 1678 2453 1725 vel

514 1768 810 1831 possesiones
845 1770 1012 1815 contra
1045 1766 1334 1830 presentium
1359 1769 1624 1813 nostrarum
1658 1764 1902 1814 literarum
1937 1770 2150 1814 tenorem
2185 1766 2454 1830 aliqualiter

510 1872 707 1919 grauate
742 1872 826 1904 seu
863 1871 1033 1903 vexare
1069 1858 1309 1918 presumat
1344 1870 1484 1917 super
1517 1858 1726 1903 nostram
1762 1854 2021 1918 plenariam
2055 1855 2402 1904 forisfacturam
2441 1885 2450 1893 ·

516 1946 582 1992 Et
606 1945 646 1993 si
671 1944 783 2008 quid
808 1944 868 1992 ab
893 1945 963 1992 eis
986 1944 1034 1991 in
1057 1943 1298 2007 premissis
1332 1948 1554 1992 exactum
1588 1943 1663 1992 vel
1697 1944 1766 1992 eis
1794 1944 2066 1993 iniuriatum
2100 1945 2242 1993 fuerit
2279 1945 2325 1992 id
2362 1946 2451 1993 sibi

514 2033 703 2082 restitui
738 2032 907 2095 corrigi
945 2036 994 2080 et
1025 2032 1269 2080 reformari
1304 2032 1493 2080 faciatis
1527 2032 1944 2097 quotienscumque
1980 2038 2029 2081 et
2064 2034 2451 2098 quandocumque

514 2121 863 2170 rationabiliter
885 2138 970 2184 per
1005 2121 1132 2184 ipsos
1156 2120 1231 2168 vel
1254 2121 1461 2184 ipsorum
1485 2120 1690 2184 aliquem
1723 2121 1910 2170 fueritis
1934 2122 2148 2186 requisiti
2187 2151 2196 2160 ·
2234 2123 2294 2170 In
2318 2123 2450 2171 cuius

512 2213 581 2260 rei
615 2211 939 2260 testimonium
981 2210 1068 2258 has
1098 2209 1263 2258 literas
1295 2213 1484 2258 nostras
1519 2210 1650 2258 vobis
1685 2211 2003 2259 ostendendas
2037 2215 2086 2259 et
2121 2227 2265 2274 penes
2300 2212 2449 2275 ipsam

513 2301 761 2350 ecclesiam
786 2303 1016 2363 perpetuo
1042 2313 1338 2346 remansuras
1361 2297 1450 2346 sibi
1474 2298 1574 2346 fieri
1598 2298 1795 2347 fecimus
1825 2303 2045 2362 patentes
2068 2300 2193 2363 apud
2218 2300 2450 2348 Brechine

514 2394 682 2454 quarto
707 2390 784 2437 die
809 2388 1090 2436 Decembris
1111 2404 1236 2436 anno
1260 2387 1391 2450 regni
1413 2387 1563 2436 nostri
1588 2392 1758 2450 quarto
1795 2415 1805 2425 ·
1843 2387 2014 2435 DAUID
2049 2389 2144 2436 Dei
2176 2389 2331 2451 gratia
2365 2406 2450 2437 rex

514 2481 762 2528 Scotorum
800 2477 1015 2526 omnibus
1043 2505 1053 2514 ·
1081 2505 1090 2514 -
1119 2503 1129 2514 ·
1158 2475 1288 2538 [vide
1325 2476 1413 2524 No.
1440 2478 1497 2541 9]
1528 2503 1538 2514 ·
1565 2505 1575 2514 ·
1603 2504 1614 2514 ·
1639 2476 1884 2524 CooNrrIo
1915 2478 2044 2525 facta
2066 2478 2191 2540 apud
2218 2478 2450 2526 Brechine

513 2585 671 2617 coram
708 2567 896 2615 domino
933 2565 1151 2614 Waltero
1187 2566 1244 2613 de
1286 2566 1446 2628 Bygar
1479 2569 1662 2614 rectore
1698 2566 1756 2612 de
1793 2564 1961 2613 Errole
1997 2565 2255 2613 camerario
2291 2566 2450 2614 Scotie

517 2686 526 2694 ·
566 2686 576 2695 -
616 2686 626 2694 ·
656 2655 787 2718 [vide
814 2656 902 2703 No.
930 2656 1018 2720 16]
1053 2683 1062 2692 ·
1102 2683 1112 2692 ·
1151 2682 1161 2692 ·
1199 2655 1369 2702 DAUID
1395 2654 1489 2701 Dei
1523 2654 1679 2716 gratia
1702 2670 1788 2701 rex
1813 2655 2063 2702 Scotorum
2087 2655 2302 2704 omnibus
2339 2685 2349 2693 ·
2389 2685 2398 2693 ·
2438 2686 2447 2693 -

785 2744 915 2806 [vide
943 2744 1029 2792 No.
1056 2744 1146 2809 38]
1188 2771 1198 2781 ·
1239 2771 1249 2781 ·
1288 2771 1298 2780 ·
1335 2743 1488 2806 Super
1522 2743 1691 2806 quibus
1727 2743 1942 2791 omnibus
1976 2747 2025 2791 et
2065 2743 2259 2806 singulis
2294 2744 2449 2793 dictus

516 2835 800 2884 reuerendus
838 2836 974 2896 pater
1007 2848 1093 2895 pro
1128 2847 1179 2880 se
1215 2830 1525 2878 Venerabiles
1559 2831 1646 2878 viri
1681 2834 1849 2879 cantor
1871 2830 2180 2880 cancellarius
2214 2835 2264 2879 et
2301 2836 2449 2880 ceteri

517 2922 730 2972 canonici
755 2921 1098 2969 Brechinenses
1121 2925 1235 2968 tnnc
1259 2923 1503 2983 presentes
1528 2919 1715 2967 nomine
1739 2919 1947 2967 eiusdem
1982 2919 2178 2982 capituli
2212 2921 2450 2983 petierunt

519 3018 567 3061 et
593 3011 790 3076 quilibet
815 3027 975 3058 eorum
1001 3010 1140 3073 petiit
1166 3009 1236 3057 eis
1265 3013 1314 3056 et
1350 3024 1511 3056 eorum
1535 3007 1729 3056 cuilibet
1763 3008 1863 3055 fieri
1897 3007 2134 3071 publicum
2170 3008 2451 3058 instrumen-

518 3108 619 3152 tum
659 3130 669 3139 ·
709 3129 718 3138 ·
757 3129 767 3137 ·
805 3102 932 3147 Acta
954 3100 1142 3146 fuerunt
1166 3098 1254 3145 hec
1277 3098 1401 3160 apud
1428 3096 1662 3144 Brechine
1686 3096 1734 3143 in
1758 3096 1965 3159 pretorio
1984 3096 2191 3145 eiusdem
2216 3098 2301 3146 sub
2325 3114 2448 3146 anno

520 3206 679 3239 mense
715 3193 764 3236 et
799 3188 874 3235 die
899 3187 1125 3250 predictis
1148 3185 1406 3234 indictione
1431 3185 1759 3232 decimatertia
1793 3184 2094 3248 pontificatus
2131 3213 2140 3222 -
2181 3214 2189 3223 ·
2230 3215 2239 3223 ·
2277 3187 2451 3234 domini

524 3277 759 3328 Nicholaii
797 3305 806 3313 ·
845 3304 855 3313 ·
895 3304 904 3313 ·
940 3290 1060 3338 pape
1085 3274 1237 3337 quinti
1261 3290 1384 3321 anno
1421 3277 1588 3337 quarto
1613 3273 1918 3322 Presentibus
1948 3272 2121 3321 ibidem
2145 3274 2379 3324 nobilibus
2402 3280 2451 3323 et
