2950 3970
699 635 1163 692 REGISTRUM
1200 638 1738 696 EPISCOPATUS
1778 642 2366 700 BREOHINENSIS.
2406 648 2474 700 81

559 825 760 886 spondet
782 825 1057 873 affirmative
1094 854 1104 863 ·
1142 827 1208 875 Et
1231 828 1375 876 etiam
1409 829 1470 876 ad
1504 845 1666 878 omnes
1698 829 1816 879 alios
1849 830 2072 879 articulos
2108 858 2118 868 ·
2154 831 2220 878 Et
2244 830 2367 879 ultra
2387 833 2475 880 hoc

561 912 677 960 dicit
701 928 794 976 quo
815 914 878 961 ad
901 917 1088 963 sextum
1111 916 1361 964 articulum
1383 917 1501 966 vidit
1535 921 1584 966 et
1618 934 1810 981 presens
1842 918 1931 966 fuit
1956 919 2140 982 quando
2162 919 2282 967 bone
2304 935 2476 967 memo-

560 1001 629 1048 rie
669 1002 955 1051 reuerendus
993 1003 1042 1050 in
1082 1003 1239 1052 Cristo
1278 1008 1415 1068 pater
1455 1006 1668 1055 dominus
1710 1005 1955 1055 Walterus
1995 1006 2187 1054 Forster
2231 1007 2475 1070 episcopus

562 1089 895 1139 Brechinensis
921 1089 1046 1152 [sine
1059 1092 1103 1158 2]
1130 1092 1465 1156 impedimento
1499 1095 1558 1142 de
1593 1094 1721 1143 dicto
1743 1098 2012 1142 tenemento
2035 1094 2213 1157 recepit
2236 1095 2474 1142 annuatim

560 1177 725 1240 viginti
760 1177 936 1227 solidos
972 1207 983 1218 ·
1019 1179 1086 1228 Et
1122 1180 1212 1228 hoc
1247 1197 1341 1228 non
1378 1181 1494 1229 dicit
1529 1198 1667 1246 prece
1704 1183 1857 1246 pretio
1892 1182 2063 1231 timore
2088 1183 2196 1230 odio
2221 1182 2292 1230 vel
2313 1183 2474 1231 fauore

558 1267 642 1316 sed
676 1269 1004 1316 tantummodo
1038 1269 1212 1317 virtute
1246 1269 1318 1318 sui
1347 1270 1600 1331 juramenti
1635 1271 1695 1318 ad
1729 1270 2063 1334 perhibendum
2097 1270 2232 1318 fidele
2265 1270 2475 1318 testimo-

557 1356 686 1403 nium
710 1356 900 1404 veritati
936 1393 946 1403 .

626 1445 871 1493 Secundus
891 1445 1031 1493 testis
1057 1445 1138 1492 viz.
1163 1445 1377 1495 dominus
1402 1445 1642 1494 Gilbertus
1666 1446 1839 1494 Brown
1873 1449 2118 1509 precentor
2140 1445 2335 1494 ecclesie
2360 1446 2475 1493 Bre-

557 1532 794 1581 chinensis
811 1533 1196 1596 septuagenarius
1219 1537 1268 1582 et
1291 1534 1417 1582 ultra
1439 1535 1692 1583 concordat
1715 1534 1763 1581 in
1787 1534 1999 1582 omnibus
2017 1549 2120 1582 cum
2137 1534 2286 1597 primo
2302 1538 2425 1582 teste
2462 1562 2472 1570 ·

559 1621 748 1670 Tertius
770 1620 910 1670 testis
931 1621 1016 1669 viz.
1042 1622 1256 1670 dominus
1277 1623 1311 1669 J
1315 1623 1522 1671 ohannes
1541 1621 1673 1670 Wild
1692 1621 2110 1686 quinquagenarius
2132 1626 2181 1670 et
2204 1621 2329 1670 ultra
2363 1649 2373 1659 ·
2411 1650 2421 1659 -
2460 1650 2469 1659 ·

557 1711 606 1758 in
629 1711 845 1760 omnibus
867 1711 1122 1758 concordat
1145 1726 1252 1758 cum
1276 1710 1455 1759 duobus
1477 1710 1640 1774 primis
1661 1710 1862 1758 testibus
1896 1713 1944 1757 et
1974 1709 2098 1757 ultra
2120 1710 2208 1757 hoc
2231 1709 2279 1756 in
2295 1709 2471 1770 judicio

557 1799 770 1863 porrexit
793 1799 1042 1862 registrum
1075 1799 1176 1847 siue
1211 1798 1390 1847 rentale
1425 1799 1658 1862 quondam
1693 1798 1867 1846 domini
1891 1797 2094 1845 Walteri
2128 1797 2333 1860 episcopi
2359 1798 2472 1845 Bre-

558 1888 796 1938 chinensis
827 1888 877 1935 in
912 1903 1004 1951 quo
1038 1887 1236 1950 registro
1270 1887 1447 1951 scripta
1480 1887 1570 1935 fuit
1605 1886 1816 1950 recepcio
1850 1885 2012 1948 viginti
2047 1884 2296 1934 solidorum
2330 1885 2471 1931 annui

558 1977 771 2025 redditus
795 1977 853 2024 de
876 1977 1138 2041 prescripto
1160 1979 1430 2024 tenemento
1464 1991 1548 2038 per
1580 1975 1813 2038 prefatum
1841 1974 2106 2037 episcopum
2129 1977 2178 2020 et
2201 1988 2308 2020 suos
2330 1973 2471 2020 offici-

555 2066 681 2115 arios
717 2094 728 2103 ·
765 2066 972 2120 Quartus
1004 2065 1145 2114 testis
1177 2061 1262 2112 viz.
1309 2063 1581 2111 Alexander
1626 2062 1818 2111 Cristini
1864 2061 2137 2123 coniugatus
2180 2060 2299 2107 bone
2345 2060 2466 2109 fame

559 2154 984 2219 quinquagenarius
1018 2158 1067 2202 et
1101 2152 1226 2201 ultra
1259 2153 1321 2200 ad
1354 2151 1553 2215 primum
1587 2149 1835 2198 articulum
1869 2149 2118 2212 respondet
2151 2147 2424 2194 affirmatiue
2462 2175 2471 2183 ·

559 2245 637 2291 Ad
660 2244 916 2292 secundum
947 2242 1199 2306 respondet
1233 2240 1451 2303 negatiue
1485 2238 1546 2286 ad
1579 2237 1771 2286 tertium
1805 2241 1854 2285 et
1892 2237 1952 2284 ad
1988 2238 2202 2298 quartum
2225 2235 2471 2297 respondet

556 2332 837 2380 affirmatiue
875 2359 885 2368 ·
921 2331 988 2379 Et
1023 2329 1167 2378 etiam
1201 2329 1262 2377 ad
1297 2327 1510 2391 quintum
1544 2330 1593 2374 et
1627 2327 1686 2373 ad
1721 2329 1907 2374 sextum
1944 2352 1954 2362 ·
1991 2324 2056 2371 Et
2090 2323 2211 2370 ultra
2236 2323 2324 2370 hoc
2348 2322 2467 2369 dixit

559 2422 684 2485 quod
708 2420 888 2484 recepit
912 2420 970 2467 de
994 2419 1122 2466 dicto
1145 2419 1416 2466 tenemento
1438 2418 1546 2478 post
1570 2413 1843 2462 diuisionem
1869 2411 2013 2475 ipsius
2030 2410 2214 2458 nomine
2239 2410 2468 2472 quondam

561 2510 767 2558 Walteri
804 2507 1012 2572 episcopi
1050 2504 1381 2555 Brechinensis
1417 2502 1579 2566 viginti
1615 2500 1790 2550 solidos
1824 2515 1908 2562 per
1943 2498 2144 2562 quinque
2179 2511 2326 2544 annos
2360 2511 2468 2543 con-

558 2600 717 2648 tinuos
750 2597 893 2646 annui
927 2596 1140 2644 redditus
1174 2595 1232 2642 de
1268 2592 1395 2640 dicto
1428 2592 1698 2639 tenemento
1735 2615 1745 2625 ·
1781 2587 1982 2642 Quintus
2015 2584 2153 2633 testis
2175 2584 2257 2630 viz.
2284 2582 2466 2630 Willel-

558 2704 662 2736 mus
699 2685 841 2734 Alani
878 2682 1299 2749 quinquagenarius
1333 2708 1346 2718 ·
1384 2707 1394 2716 ·
1433 2706 1443 2715 ·
1478 2678 1538 2724 ad
1574 2676 1772 2739 primum
1808 2671 2054 2721 articulum
2078 2671 2326 2734 respondet
2348 2671 2468 2717 affir-

559 2777 734 2825 matiue
771 2802 782 2812 ·
819 2774 897 2822 Ad
937 2772 1191 2822 secundum
1230 2766 1478 2817 articulum
1523 2763 1772 2827 respondet
1809 2761 1931 2824 quod
1971 2775 2001 2807 a
2038 2758 2246 2822 pluribus
2284 2758 2463 2805 audiuit

560 2865 684 2928 quod
706 2862 970 2927 predictum
993 2861 1310 2908 tenementum
1335 2854 1588 2903 vocabatur
1620 2866 1678 2914 ye
1712 2848 1945 2912 bischopis
1978 2847 2086 2894 land
2124 2873 2135 2884 ·
2171 2845 2253 2893 Ad
2275 2845 2465 2892 tertium

560 2952 811 3001 articulum
867 2948 1120 3012 respondet
1173 2942 1451 2993 affirmatiue
1488 2967 1498 2977 ·
1534 2939 1610 2985 Ad
1656 2940 1871 3000 quartum
1925 2933 2172 2982 articulum
2218 2933 2466 2995 respondet

559 3042 686 3105 quod
728 3038 882 3087 nescit
928 3038 1152 3100 quantam
1197 3032 1375 3078 firmam
1423 3027 1597 3075 dictum
1642 3027 1958 3072 tenementum
2005 3021 2205 3068 debebat
2250 3020 2467 3083 episcopo

558 3125 866 3176 Brechinensi
914 3152 924 3161 ·
972 3123 1048 3170 Ad
1094 3123 1281 3170 sextum
1325 3114 1570 3164 articulum
1617 3111 1866 3175 respondet
1911 3108 2186 3156 affirmatiue
2235 3135 2246 3145 ·
2292 3107 2466 3155 Sextus

556 3216 697 3265 testis
732 3215 815 3262 viz.
851 3210 1123 3259 Alexander
1157 3204 1357 3255 Galfridi
1390 3199 1770 3265 septuagenarius
1806 3226 1816 3235 ·
1854 3226 1864 3235 ·
1902 3225 1913 3235 ·
1949 3197 2026 3244 Ad
2059 3196 2232 3259 primos
2255 3196 2370 3242 duos
2391 3211 2464 3242 ar-

559 3303 734 3353 ticulos
756 3299 1009 3363 respondet
1036 3293 1314 3344 affirmatiue
1352 3319 1361 3329 ·
1398 3290 1464 3337 Et
1487 3287 1683 3336 ulterius
1705 3285 1820 3333 dicit
1854 3300 1946 3348 quo
1979 3284 2039 3331 ad
2073 3282 2324 3331 secundum
2358 3282 2469 3328 arti-

1513 3376 1569 3421 ll
