2950 3970
657 634 1124 692 REGISTRUM
1161 639 1699 699 EPISCOPATUS
1740 646 2326 709 BRECHINENSIS.
2367 657 2437 710 55

467 882 472 888 .
521 822 687 870 decani
728 826 777 870 et
817 824 1014 887 capituli
1048 827 1333 876 sufficienter
1366 830 1447 878 fiat
1482 836 1555 879 set
1591 833 1754 882 domus
1787 839 1837 882 et
1871 836 2123 885 mansionis
2156 843 2435 889 sustentatio

518 925 605 974 per
626 910 850 958 vicarium
876 912 956 975 qui
979 929 1064 976 pro
1087 918 1299 979 tempore
1325 917 1467 966 fuerit
1504 947 1515 956 ·
1553 919 1610 966 In
1635 921 1767 970 cuius
1790 922 1858 970 rei
1880 924 2200 973 testimonium
2235 927 2433 990 sigillum

518 1003 731 1048 nostrum
767 1002 1088 1050 auctenticum
1127 1008 1176 1052 et
1216 1004 1417 1067 sigillum
1458 1023 1703 1057 commune
1745 1010 1860 1058 dicti
1907 1012 2100 1074 capituli
2141 1015 2290 1063 nostri
2330 1033 2433 1079 pre-

516 1089 642 1137 senti
678 1093 810 1138 carte
855 1095 1018 1139 nostre
1065 1096 1175 1140 sunt
1211 1109 1421 1156 appensa
1458 1123 1468 1132 ·
1506 1097 1646 1159 Apud
1688 1098 1891 1146 Brechin
1935 1103 2104 1148 octauo
2145 1102 2221 1150 die
2257 1106 2429 1154 mensis

518 1178 800 1228 Nouembris
822 1195 946 1227 anno
971 1180 1165 1228 Domini
1188 1181 1437 1230 millesimo
1469 1185 1925 1247 quadringentesimo
1951 1187 2171 1237 vicesimo
2195 1207 2317 1239 nono
2355 1221 2364 1229 ·

425 1406 489 1452 36
519 1401 641 1448 Unio
664 1401 863 1450 ecclesie
888 1403 946 1450 de
972 1402 1248 1466 Cortoquhy
1273 1404 1398 1468 (vide
1422 1420 1564 1468 supra
1588 1406 1674 1454 No.
1700 1407 1799 1466 35.)

453 1639 482 1666 xe
514 1624 824 1672 Mortificatio
847 1641 1001 1672 annue
1026 1625 1266 1688 pensionis
1287 1629 1518 1673 terrarum
1543 1627 1601 1674 de
1627 1627 1901 1690 Cortoquhy
1940 1656 1950 1665 ·

418 1772 483 1820 37
516 1747 751 1830 Jacobus
789 1781 882 1830 Dei
918 1781 1073 1844 gratia
1111 1782 1358 1830 Scotorum
1398 1810 1408 1819 -
1448 1809 1457 1819 ·
1498 1810 1508 1819 -
1547 1782 1719 1831 Sciatis
1742 1799 1828 1831 nos
1866 1785 1982 1833 duas
2018 1789 2173 1835 cartas
2207 1787 2431 1835 carissimi

507 1870 729 1919 auunculi
763 1871 914 1920 nostri
952 1870 1159 1919 Walteri
1202 1869 1410 1918 Palatini
1451 1871 1509 1917 de
1550 1871 1827 1918 Stratherne
1869 1873 2061 1921 Atholie
2107 1877 2156 1922 et
2202 1874 2430 1923 Cathanie

507 1961 695 2010 comitis
716 1977 774 2009 ac
798 1961 977 2009 domini
997 1961 1054 2007 de
1075 1959 1279 2007 Brechin
1305 1963 1354 2007 et
1379 1960 1436 2006 de
1462 1959 1780 2022 Cortowquhy
1796 1959 1948 2009 factas
1964 1962 2024 2008 ad
2042 1962 2262 2010 honorem
2287 1964 2432 2010 omni-

513 2049 724 2114 potentis
759 2049 857 2097 Dei
896 2053 945 2096 et
986 2049 1126 2096 beate
1166 2047 1321 2095 Marie
1360 2047 1577 2110 Virginis¹
1604 2047 1770 2096 matris
1803 2063 1884 2095 sue
1918 2048 2114 2111 gloriose
2149 2065 2205 2097 ac
2239 2051 2432 2099 ecclesie

516 2138 779 2188 cathedrali
798 2137 1107 2186 Brechinensi
1125 2152 1211 2200 pro
1234 2135 1388 2185 salute
1411 2136 1670 2183 animarum
1690 2136 1998 2198 progenitoris
2021 2137 2091 2185 sui
2115 2141 2163 2185 et
2185 2139 2432 2200 genetricis

519 2245 602 2279 sue
636 2244 778 2276 unam
815 2227 1037 2275 videlicet
1077 2227 1134 2273 de
1171 2223 1480 2288 quadraginta
1514 2223 1646 2272 libris
1679 2224 1821 2270 annui
1856 2223 2065 2273 redditus
2099 2226 2337 2273 annuatim
2377 2228 2433 2273 de

519 2318 662 2368 terris
684 2317 783 2367 suis
806 2318 864 2364 de
889 2315 1207 2378 Cortowquhy
1233 2342 1243 2351 ·
1271 2341 1281 2351 ·
1310 2341 1319 2350 ·
1347 2313 1412 2360 Et
1435 2312 1576 2360 aliam
1601 2312 1658 2359 de
1683 2328 1776 2359 una
1809 2315 1936 2359 terra
1958 2327 2043 2360 sua
2067 2312 2249 2360 iacente
2273 2313 2320 2360 111
2343 2315 2432 2361 fine

522 2405 811 2457 occidentali.
842 2403 952 2453 ville
989 2405 1047 2451 de
1084 2401 1317 2450 Brechine
1342 2417 1404 2448 ex
1426 2404 1561 2464 parte
1586 2399 1867 2447 occidentali
1892 2399 2129 2448 cuiusdam
2153 2400 2330 2448 venelle
2354 2418 2435 2448 ex-

520 2498 748 2546 tendente
785 2497 834 2542 in
867 2492 1208 2556 longitudinem
1246 2505 1406 2538 versus
1442 2492 1651 2536 austrum
1677 2491 1726 2535 et
1749 2487 1937 2534 boream
1962 2487 2085 2535 inter
2108 2481 2434 2536 terram'here-

521 2590 630 2635 dum
670 2585 906 2650 quondam
945 2582 980 2628 J
983 2581 1181 2630 ohannis
1216 2581 1274 2626 de
1312 2578 1499 2640 Guthry
1537 2593 1598 2624 ex
1634 2580 1768 2639 parte
1802 2575 1978 2622 boreali
2015 2591 2076 2622 ex
2109 2579 2243 2638 parte
2270 2593 2361 2623 una
2385 2581 2432 2624 et

520 2676 756 2740 quandam
790 2669 1021 2720 venellam
1058 2668 1272 2717 strictam
1311 2683 1372 2714 ex
1408 2664 1605 2713 australi
1643 2680 1704 2711 ex
1741 2668 1876 2726 parte
1917 2662 2068 2711 altera
2102 2663 2176 2710 De
2211 2666 2432 2712 mandato

520 2770 682 2815 nostro
700 2763 825 2811 visas
863 2789 873 2799 -
912 2787 923 2799 ·
962 2787 972 2796 ·
1009 2774 1103 2806 non
1128 2772 1260 2805 rasas
1296 2783 1306 2793 ·
1345 2782 1355 2792 -
1395 2782 1406 2792 ·
1443 2754 1535 2802 Sed
1555 2753 1741 2800 omnino
1759 2766 1946 2814 prorsus
1965 2751 2077 2798 vitio
2101 2756 2149 2798 et
2172 2752 2431 2815 suspicione

521 2858 744 2903 carentes
779 2851 842 2899 ad
878 2848 1070 2913 plenum
1108 2843 1400 2893 intellexisse
1438 2842 1570 2889 cuius
1593 2841 1740 2904 prime
1765 2843 1894 2887 carte
1919 2843 2056 2886 tenor
2077 2839 2288 2902 sequitur
2324 2868 2333 2877 ·
2372 2869 2382 2878 ·
2421 2870 2430 2878 ·

522 2944 648 3008 (vide
672 2945 784 2990 ante
804 2939 893 2986 No.
912 2937 996 2996 33)
1025 2935 1240 2983 Secunde
1264 2947 1374 2980 vero
1399 2934 1528 2979 carte
1547 2934 1683 2976 tenor
1705 2926 1916 2990 sequitur
1952 2954 1962 2964 ·
2000 2954 2011 2964 ·
2049 2954 2060 2963 -
2098 2927 2221 2990 (vide
2240 2928 2324 2975 No.
2344 2929 2427 2986 34)

525 3063 534 3072 -
563 3062 573 3071 ·
601 3061 611 3071 -
638 3028 956 3093 Quasquidem
988 3029 1146 3073 cartas
1175 3051 1185 3061 ·
1213 3051 1223 3060 ·
1251 3050 1261 3060 ·
1290 3020 1597 3068 Ratificamus
1628 3022 1677 3065 et
1700 3017 1759 3064 ad
1784 3020 2015 3064 mortuam
2046 3031 2232 3063 manum
2264 3016 2430 3079 imper-

521 3127 718 3187 petuum
775 3117 1102 3166 confirmamus
1151 3110 1367 3159 faciendo
1411 3107 1546 3155 nobis
1590 3109 1640 3153 et
1685 3103 2029 3152 successoribus
2086 3103 2259 3151 nostris
2315 3104 2427 3152 dicti

521 3208 754 3275 capellani
791 3211 840 3254 et
878 3205 950 3253 sui
987 3214 1281 3251 successores
1304 3197 1382 3260 qui
1405 3211 1490 3259 pro
1512 3198 1723 3256 tempore
1757 3191 1930 3238 fuerint
1953 3206 2038 3253 pro
2062 3190 2201 3238 dictis
2233 3195 2360 3238 terra
2380 3197 2428 3239 et

520 3314 676 3351 annuo
700 3295 888 3344 redditu
906 3291 1170 3340 orationum
1188 3285 1406 3349 suffragia
1424 3284 1698 3330 deuotarum
1735 3306 1747 3317 ·
1784 3278 1842 3325 In
1868 3277 1999 3326 0111115
2022 3277 2088 3325 rei
2111 3277 2424 3327 testimonium
