2950 3970
471 609 578 661 146
647 608 1111 665 REGISTRUM
1150 611 1690 667 EPISOOPATUS
1732 609 2324 667 BRECHINENSIS.

469 797 703 844 notarium
743 826 752 835 ·
792 826 801 835 ·
842 827 850 835 ·
887 799 1074 862 publice
1109 799 1317 862 perlecte
1354 815 1459 847 cum
1490 799 1631 848 litera
1655 800 1799 847 etiam
1823 799 1996 848 saisine
2019 799 2206 864 publice
2230 800 2410 863 perlec-

468 891 520 933 ta
559 914 568 924 ·
606 886 682 934 De
706 891 756 935 et
780 902 919 951 super
942 888 1111 951 quibus
1136 888 1352 936 omnibus
1375 892 1426 936 et
1449 887 1644 950 singulis
1682 915 1692 926 ·
1729 887 1842 951 Ipse
1877 888 2090 951 prefatus
2124 890 2410 937 reuerendus

470 979 608 1038 pater
642 991 672 1022 a
706 992 781 1024 me
816 977 1002 1025 notario
1041 1005 1050 1015 ·
1091 1005 1100 1014 ·
1141 1005 1151 1014 ·
1186 976 1326 1040 petiit
1361 975 1600 1039 publicum
1625 976 1988 1024 instrumentum
2012 977 2230 1041 quodque
2254 977 2411 1026 dictus

470 1063 672 1112 ballinus
690 1066 751 1112 ad
776 1065 1001 1113 maiorem
1025 1066 1093 1112 rei
1118 1065 1336 1113 notitiam
1360 1065 1514 1128 sigillo
1531 1081 1616 1113 suo
1640 1065 1948 1113 communiuit
1967 1070 2016 1114 et
2039 1067 2362 1114 corroborauit
2400 1095 2410 1104 ·

473 1155 599 1200 Acta
616 1154 806 1202 fuerunt
823 1155 911 1201 hec
936 1155 1087 1217 primo
1111 1155 1236 1218 apud
1257 1153 1414 1201 villam
1440 1155 1499 1201 de
1525 1153 1779 1217 Tempilhil
1803 1155 2011 1202 secundo
2028 1155 2155 1218 apud
2174 1154 2332 1202 villam
2353 1156 2411 1202 de

474 1242 659 1290 Kethik
683 1247 732 1290 et
755 1244 900 1291 tertio
923 1244 1048 1305 apud
1074 1243 1310 1306 Dalgatye
1335 1259 1478 1306 supra
1499 1243 1694 1290 fundum
1715 1243 1842 1290 dicte
1866 1243 2000 1306 pecie
2023 1246 2150 1291 terre
2174 1259 2299 1292 anno
2325 1272 2334 1282 ·
2363 1272 2374 1283 ·
2401 1273 2411 1282 -

473 1347 614 1394 supra
638 1331 779 1379 dictis
799 1331 1105 1379 Presentibus
1128 1332 1254 1394 apud
1275 1331 1529 1395 Tempilhil
1548 1335 1597 1379 et
1618 1331 1805 1380 Kethik
1822 1326 2033 1395 prouidis
2056 1336 2106 1380 et
2129 1332 2415 1381 honorabili-

474 1421 561 1467 bus
578 1420 689 1468 viris
709 1420 790 1466 viz.
813 1420 972 1467 Dauid
992 1420 1250 1483 Dempster
1269 1420 1327 1467 de
1343 1418 1713 1468 Carraldstoune
1730 1419 1890 1467 Dauid
1910 1419 2169 1483 Dempster
2183 1421 2241 1468 de
2259 1421 2414 1469 Ouch-

473 1509 633 1558 tirless
671 1509 947 1556 Alexandro
987 1509 1271 1557 Crawmond
1309 1509 1368 1556 de
1412 1507 1638 1571 Melgond
1680 1507 1915 1556 Duncano
1956 1509 2205 1557 Fentoune
2239 1515 2413 1574 nepote

475 1599 590 1646 dicti
630 1598 891 1645 Alexandri
928 1598 961 1644 J
966 1598 1150 1646 ohanne
1189 1598 1472 1646 Crawmond
1511 1598 1570 1644 de
1609 1597 1763 1645 Ferne
1803 1597 1988 1645 Thoma
2014 1598 2195 1661 Neway
2219 1599 2414 1647 Andrea

480 1687 679 1734 Roberti
706 1687 752 1733 in
778 1687 906 1734 dicta
930 1686 1042 1734 villa
1066 1687 1123 1734 de
1150 1685 1420 1750 Tempilhill
1458 1690 1778 1734 commorante
1803 1690 1852 1733 et
1880 1685 2160 1735 Alexandro
2197 1687 2414 1736 Tailzour

475 1780 794 1824 commorante
830 1776 879 1822 in
914 1777 1054 1824 domo
1076 1775 1326 1840 templarie
1351 1776 1410 1822 de
1436 1775 1622 1823 Kethik
1645 1775 1943 1838 presentibus
1965 1775 2110 1823 etiam
2145 1777 2271 1840 apud
2297 1777 2414 1825 Dal-

474 1870 614 1928 gatye
652 1865 871 1913 discretis
909 1865 1019 1913 viris
1057 1865 1140 1912 viz.
1180 1865 1369 1912 domino
1405 1863 1561 1912 Dauid
1591 1862 1822 1910 Willelmi
1856 1863 2120 1926 presbitero
2154 1866 2412 1928 parochiali

477 1953 787 2001 Brechinensi
822 1954 855 1999 J
860 1953 1043 2001 ohanne
1080 1954 1248 2016 Smyth
1286 1953 1389 2000 ciue
1425 1952 1635 2000 eiusdem
1662 1951 1770 2000 ville
1795 1951 1957 2000 Dauid
1982 1952 2203 2016 Symonis
2227 1954 2413 2002 WiHel-

475 2059 551 2090 mo
592 2044 648 2089 de
689 2042 887 2104 Murray
928 2041 1150 2090 Donaldo
1176 2041 1395 2089 Tailzour
1423 2040 1696 2088 Alexandro
1726 2040 1868 2089 Pacis
1901 2045 1949 2088 et
1986 2041 2168 2090 Thema
2202 2042 2412 2091 Donaldi

475 2131 678 2179 testibus
716 2158 727 2169 ·
766 2159 775 2167 ·
816 2158 825 2167 ·
865 2131 931 2178 Et
956 2146 1041 2193 ego
1067 2130 1342 2178 Alexander
1366 2130 1546 2177 Thome
1581 2128 1816 2193 presbiter
1840 2129 2175 2180 Brechinensis
2199 2131 2413 2182 dioecesis

528 2248 537 2256 ·
578 2248 587 2256 ·
625 2220 837 2267 notarius
875 2246 884 2256 ·
925 2246 935 2256 ·

476 2419 654 2467 Aresta
697 2421 754 2466 de
796 2419 938 2468 terris
976 2420 1328 2468 communitatis
1371 2419 1705 2468 Brechinensis
1744 2435 1890 2483 prope
1931 2419 2090 2468 Cruok
2131 2437 2216 2484 per
2253 2422 2411 2471 Dauid

479 2507 707 2570 Balbirny
732 2524 912 2555 marum
937 2509 1165 2572 quartarii
1191 2509 1524 2557 Brechinensis
1564 2537 1574 2546 ·
2358 2494 2361 2500 ’

390 2653 451 2700 74
488 2629 529 2704 Ι
572 2662 731 2709 Dauid
771 2662 999 2726 Balbirny
1023 2664 1142 2710 mair
1179 2664 1247 2711 off
1276 2681 1336 2727 ye
1376 2668 1570 2728 quartar
1593 2664 1661 2711 off
1691 2664 1924 2713 Brechine
1960 2682 2020 2714 on
2054 2684 2115 2730 ye
2150 2669 2199 2731 xj
2236 2671 2330 2733 day
2364 2673 2417 2719 of

479 2750 756 2812 September
791 2767 851 2813 ye
890 2767 965 2797 zer
989 2752 1041 2798 of
1074 2752 1180 2799 God
1218 2768 1248 2799 a
1283 2753 1519 2800 thousand
1544 2768 1654 2800 cccc
1677 2754 1768 2802 and
1794 2753 1899 2817 fifty
1921 2759 1972 2803 at
1994 2771 2055 2818 ye
2079 2760 2324 2807 command
2350 2762 2418 2808 off

476 2854 535 2900 ye
579 2838 763 2887 letteris
803 2839 871 2886 off
909 2839 1026 2887 Wat
1066 2840 1134 2887 off
1168 2840 1339 2903 Ogiluy
1378 2841 1555 2889 schreff
1583 2842 1728 2904 deput
1763 2842 1912 2904 passit
1946 2842 2005 2890 til
2038 2849 2230 2893 certano
2269 2863 2409 2896 corne

478 2927 652 2974 sawine
677 2927 844 2974 within
867 2944 926 2990 ye
951 2943 1194 2976 commone
1218 2928 1287 2976 off
1302 2945 1362 2992 ye
1384 2929 1494 2976 kirk
1518 2929 1586 2977 off
1604 2929 1838 2978 Brechine
1861 2931 1920 2978 be
1943 2947 2003 2994 ye
2027 2933 2339 2986 inhabitantis
2363 2940 2417 2986 of

480 3016 700 3062 Menmur
722 3015 794 3062 fra
819 3016 1142 3064 Branchtinch
1166 3022 1287 3066 wost
1311 3034 1373 3081 up
1397 3034 1456 3081 ye
1481 3017 1646 3066 wattir
1667 3019 1720 3066 of
1739 3018 1899 3066 Cruok
1922 3024 1973 3067 to
1999 3021 2185 3086 Lochty
2208 3026 2300 3072 and
2324 3043 2411 3089 yar

478 3104 526 3149 in
563 3108 753 3150 certane
793 3103 940 3165 placis
978 3105 1025 3151 in
1061 3121 1121 3167 ye
1160 3122 1298 3153 name
1325 3107 1378 3153 of
1409 3123 1495 3154 our
1517 3122 1744 3155 souerane
1768 3107 1870 3156 lord
1894 3125 1954 3171 ye
1982 3110 2138 3174 Kinge
2161 3113 2328 3163 James
2349 3133 2409 3179 ye

478 3191 636 3239 schref
656 3191 723 3238 off
742 3193 927 3254 Anguss
951 3192 1223 3241 Alexander
1258 3195 1311 3242 of
1341 3194 1513 3258 Ogiluy
1535 3196 1629 3243 and
1653 3195 1726 3244 his
1750 3197 1895 3260 deput
1933 3197 2051 3246 Wat
2086 3201 2140 3247 of
2170 3201 2339 3266 Ogiluy
2363 3208 2416 3252 of

480 3281 691 3327 Bewfort
729 3281 752 3326 I
794 3280 951 3327 Dauid
978 3281 1205 3346 Balbirny
1228 3283 1420 3332 arrestit
1450 3283 1690 3332 comandit
1724 3285 1816 3332 and
1853 3285 2035 3348 chax-git
2059 3288 2220 3351 opinly
2241 3296 2325 3353 yat
2349 3310 2409 3342 na

2939 1020 2950 1110 ..ιι-ρ
2944 836 2950 1001 ..ι-μμ..-
2946 792 2950 800 ,-
2943 711 2950 737 f.
2940 646 2950 681 «Α
2947 551 2950 558 .
2947 476 2950 483 ,
2947 428 2950 435 ,
2945 324 2950 331 .

2940 1983 2950 2130 nure-n-
2940 1915 2950 1978 „1⁶⁴-
2940 1860 2950 1905 ἐφ’
2939 1269 2950 1855 ...Μ-...ψω-
