<?xml version="1.0" encoding="UTF-8"?>
<!DOCTYPE html PUBLIC "-//W3C//DTD XHTML 1.0 Transitional//EN"
    "http://www.w3.org/TR/xhtml1/DTD/xhtml1-transitional.dtd">
<html xmlns="http://www.w3.org/1999/xhtml" xml:lang="en" lang="en">
 <head>
  <title>
</title>
<meta http-equiv="Content-Type" content="text/html;charset=utf-8" />
  <meta name='ocr-system' content='tesseract 3.04.00' />
  <meta name='ocr-capabilities' content='ocr_page ocr_carea ocr_par ocr_line ocrx_word'/>
</head>
<body>
  <div class='ocr_page' id='page_1' title='image "./registrumepiscop01brecuoft_0164.png"; bbox 0 0 2950 3970; ppageno 0'>
   <div class='ocr_carea' id='block_1_1' title="bbox 487 631 2331 693">
    <p class='ocr_par' dir='ltr' id='par_1_1' title="bbox 487 631 2331 693">
     <span class='ocr_line' id='line_1_1' title="bbox 487 631 2331 693; baseline 0.005 -9"><span class='ocrx_word' id='word_1_1' title='bbox 487 631 560 684; x_wconf 88' lang='lat'><strong>52</strong></span> <span class='ocrx_word' id='word_1_2' title='bbox 656 632 1120 690; x_wconf 83' lang='lat' dir='ltr'>REGISTRUM</span> <span class='ocrx_word' id='word_1_3' title='bbox 1157 634 1699 690; x_wconf 84' lang='lat' dir='ltr'>EPISGOPATUS</span> <span class='ocrx_word' id='word_1_4' title='bbox 1739 635 2331 693; x_wconf 81' lang='lat' dir='ltr'><strong>BREOHINENSIS.</strong></span> 
     </span>
    </p>
   </div>
   <div class='ocr_carea' id='block_1_2' title="bbox 489 821 2420 1678">
    <p class='ocr_par' dir='ltr' id='par_1_2' title="bbox 489 821 2420 1678">
     <span class='ocr_line' id='line_1_2' title="bbox 489 821 2413 886; baseline 0.004 -20"><span class='ocrx_word' id='word_1_5' title='bbox 489 835 674 882; x_wconf 89' lang='lat' dir='ltr'><strong>semper</strong></span> <span class='ocrx_word' id='word_1_6' title='bbox 698 822 756 868; x_wconf 88' lang='lat' dir='ltr'><strong>de</strong></span> <span class='ocrx_word' id='word_1_7' title='bbox 781 827 943 871; x_wconf 88' lang='lat' dir='ltr'><strong>nostra</strong></span> <span class='ocrx_word' id='word_1_8' title='bbox 967 823 1156 871; x_wconf 90' lang='lat' dir='ltr'><strong>domina</strong></span> <span class='ocrx_word' id='word_1_9' title='bbox 1178 838 1283 870; x_wconf 91' lang='lat' dir='ltr'><strong>cum</strong></span> <span class='ocrx_word' id='word_1_10' title='bbox 1308 823 1461 870; x_wconf 87' lang='lat' dir='ltr'><strong>officio</strong></span> <span class='ocrx_word' id='word_1_11' title='bbox 1497 822 1555 869; x_wconf 90' lang='lat' dir='ltr'><strong>de</strong></span> <span class='ocrx_word' id='word_1_12' title='bbox 1590 821 1666 870; x_wconf 89' lang='lat' dir='ltr'><strong>die</strong></span> <span class='ocrx_word' id='word_1_13' title='bbox 1689 827 1798 886; x_wconf 92' lang='lat' dir='ltr'><strong>post</strong></span> <span class='ocrx_word' id='word_1_14' title='bbox 1820 823 2010 872; x_wconf 83' lang='lat' dir='ltr'><strong>missam</strong></span> <span class='ocrx_word' id='word_1_15' title='bbox 2049 853 2059 862; x_wconf 94' lang='lat'><strong>·</strong></span> <span class='ocrx_word' id='word_1_16' title='bbox 2097 826 2279 880; x_wconf 83' lang='lat' dir='ltr'><strong>Quarta</strong></span> <span class='ocrx_word' id='word_1_17' title='bbox 2302 842 2413 874; x_wconf 85' lang='lat' dir='ltr'><strong>vero</strong></span> 
     </span>
     <span class='ocr_line' id='line_1_3' title="bbox 490 907 2413 976; baseline 0.004 -23"><span class='ocrx_word' id='word_1_18' title='bbox 490 907 633 956; x_wconf 81' lang='lat' dir='ltr'><strong>missa</strong></span> <span class='ocrx_word' id='word_1_19' title='bbox 667 910 728 956; x_wconf 89' lang='lat' dir='ltr'><strong>ad</strong></span> <span class='ocrx_word' id='word_1_20' title='bbox 762 909 914 958; x_wconf 86' lang='lat' dir='ltr'><strong>altare</strong></span> <span class='ocrx_word' id='word_1_21' title='bbox 957 910 1132 958; x_wconf 78' lang='lat' dir='ltr'>Sancte</span> <span class='ocrx_word' id='word_1_22' title='bbox 1168 910 1334 958; x_wconf 80' lang='lat' dir='ltr'><strong>Crucis</strong></span> <span class='ocrx_word' id='word_1_23' title='bbox 1368 910 1620 973; x_wconf 78' lang='lat' dir='ltr'><strong>incipietur</strong></span> <span class='ocrx_word' id='word_1_24' title='bbox 1653 910 1701 957; x_wconf 88' lang='lat' dir='ltr'><strong>in</strong></span> <span class='ocrx_word' id='word_1_25' title='bbox 1741 910 1892 974; x_wconf 90' lang='lat' dir='ltr'><strong>primo</strong></span> <span class='ocrx_word' id='word_1_26' title='bbox 1931 911 2069 975; x_wconf 89' lang='lat' dir='ltr'><strong>pulsu</strong></span> <span class='ocrx_word' id='word_1_27' title='bbox 2101 914 2163 960; x_wconf 92' lang='lat' dir='ltr'><strong>ad</strong></span> <span class='ocrx_word' id='word_1_28' title='bbox 2198 929 2413 976; x_wconf 87' lang='lat' dir='ltr'><strong>magnam</strong></span> 
     </span>
     <span class='ocr_line' id='line_1_4' title="bbox 491 996 2414 1062; baseline 0.003 -19"><span class='ocrx_word' id='word_1_29' title='bbox 491 996 681 1044; x_wconf 89' lang='lat' dir='ltr'><strong>missam</strong></span> <span class='ocrx_word' id='word_1_30' title='bbox 716 1002 766 1046; x_wconf 90' lang='lat' dir='ltr'><strong>et</strong></span> <span class='ocrx_word' id='word_1_31' title='bbox 802 998 893 1046; x_wconf 89' lang='lat' dir='ltr'><strong>erit</strong></span> <span class='ocrx_word' id='word_1_32' title='bbox 929 1014 1115 1062; x_wconf 88' lang='lat' dir='ltr'><strong>semper</strong></span> <span class='ocrx_word' id='word_1_33' title='bbox 1148 999 1207 1046; x_wconf 90' lang='lat' dir='ltr'><strong>de</strong></span> <span class='ocrx_word' id='word_1_34' title='bbox 1239 1013 1378 1046; x_wconf 88' lang='lat' dir='ltr'><strong>cruce</strong></span> <span class='ocrx_word' id='word_1_35' title='bbox 1413 1013 1521 1046; x_wconf 90' lang='lat' dir='ltr'><strong>cum</strong></span> <span class='ocrx_word' id='word_1_36' title='bbox 1563 999 1716 1046; x_wconf 92' lang='lat' dir='ltr'><strong>officio</strong></span> <span class='ocrx_word' id='word_1_37' title='bbox 1759 999 1817 1046; x_wconf 90' lang='lat' dir='ltr'><strong>de</strong></span> <span class='ocrx_word' id='word_1_38' title='bbox 1858 1000 1934 1047; x_wconf 89' lang='lat' dir='ltr'><strong>die</strong></span> <span class='ocrx_word' id='word_1_39' title='bbox 1972 1028 1983 1038; x_wconf 86' lang='lat'><strong>·</strong></span> <span class='ocrx_word' id='word_1_40' title='bbox 2022 1000 2120 1050; x_wconf 88' lang='lat' dir='ltr'><strong>Nos</strong></span> <span class='ocrx_word' id='word_1_41' title='bbox 2153 1018 2264 1049; x_wconf 85' lang='lat' dir='ltr'><strong>vero</strong></span> <span class='ocrx_word' id='word_1_42' title='bbox 2298 1002 2414 1050; x_wconf 91' lang='lat' dir='ltr'><strong>dicti</strong></span> 
     </span>
     <span class='ocr_line' id='line_1_5' title="bbox 493 1084 2415 1138; baseline 0.004 -7"><span class='ocrx_word' id='word_1_43' title='bbox 493 1084 741 1133; x_wconf 88' lang='lat' dir='ltr'><strong>Walterus</strong></span> <span class='ocrx_word' id='word_1_44' title='bbox 782 1086 981 1135; x_wconf 87' lang='lat' dir='ltr'><strong>heredes</strong></span> <span class='ocrx_word' id='word_1_45' title='bbox 1018 1087 1168 1135; x_wconf 81' lang='lat' dir='ltr'><strong>nostri</strong></span> <span class='ocrx_word' id='word_1_46' title='bbox 1209 1091 1258 1134; x_wconf 87' lang='lat' dir='ltr'><strong>et</strong></span> <span class='ocrx_word' id='word_1_47' title='bbox 1299 1087 1449 1134; x_wconf 88' lang='lat' dir='ltr'><strong>nostri</strong></span> <span class='ocrx_word' id='word_1_48' title='bbox 1489 1101 1786 1136; x_wconf 78' lang='lat' dir='ltr'><strong>successores</strong></span> <span class='ocrx_word' id='word_1_49' title='bbox 1826 1087 1979 1136; x_wconf 88' lang='lat' dir='ltr'><strong>dictas</strong></span> <span class='ocrx_word' id='word_1_50' title='bbox 2018 1089 2318 1138; x_wconf 87' lang='lat' dir='ltr'><strong>donationem</strong></span> <span class='ocrx_word' id='word_1_51' title='bbox 2365 1095 2415 1138; x_wconf 91' lang='lat' dir='ltr'><strong>et</strong></span> 
     </span>
     <span class='ocr_line' id='line_1_6' title="bbox 492 1174 2419 1239; baseline 0.003 -19"><span class='ocrx_word' id='word_1_52' title='bbox 492 1174 839 1222; x_wconf 88' lang='lat' dir='ltr'><strong>concessionem</strong></span> <span class='ocrx_word' id='word_1_53' title='bbox 875 1179 1062 1224; x_wconf 85' lang='lat' dir='ltr'><strong>nostras</strong></span> <span class='ocrx_word' id='word_1_54' title='bbox 1096 1176 1299 1239; x_wconf 77' lang='lat' dir='ltr'><strong>predicti</strong></span> <span class='ocrx_word' id='word_1_55' title='bbox 1322 1176 1466 1224; x_wconf 89' lang='lat' dir='ltr'><strong>annui</strong></span> <span class='ocrx_word' id='word_1_56' title='bbox 1490 1175 1702 1224; x_wconf 91' lang='lat' dir='ltr'><strong>redditus</strong></span> <span class='ocrx_word' id='word_1_57' title='bbox 1737 1177 1796 1223; x_wconf 87' lang='lat' dir='ltr'><strong>de</strong></span> <span class='ocrx_word' id='word_1_58' title='bbox 1831 1178 1972 1225; x_wconf 83' lang='lat' dir='ltr'><strong>terris</strong></span> <span class='ocrx_word' id='word_1_59' title='bbox 1999 1177 2174 1226; x_wconf 90' lang='lat' dir='ltr'><strong>nostris</strong></span> <span class='ocrx_word' id='word_1_60' title='bbox 2209 1179 2267 1226; x_wconf 87' lang='lat' dir='ltr'><strong>de</strong></span> <span class='ocrx_word' id='word_1_61' title='bbox 2304 1179 2419 1226; x_wconf 90' lang='lat' dir='ltr'><strong>Cor-</strong></span> 
     </span>
     <span class='ocr_line' id='line_1_7' title="bbox 490 1262 2419 1330; baseline 0.003 -21"><span class='ocrx_word' id='word_1_62' title='bbox 490 1262 718 1325; x_wconf 83' lang='lat' dir='ltr'><strong>towquby</strong></span> <span class='ocrx_word' id='word_1_63' title='bbox 758 1267 808 1310; x_wconf 88' lang='lat' dir='ltr'><strong>et</strong></span> <span class='ocrx_word' id='word_1_64' title='bbox 842 1263 1036 1310; x_wconf 89' lang='lat' dir='ltr'><strong>dominii</strong></span> <span class='ocrx_word' id='word_1_65' title='bbox 1076 1264 1226 1312; x_wconf 77' lang='lat' dir='ltr'><strong>nostri</strong></span> <span class='ocrx_word' id='word_1_66' title='bbox 1268 1265 1326 1312; x_wconf 90' lang='lat' dir='ltr'><strong>de</strong></span> <span class='ocrx_word' id='word_1_67' title='bbox 1376 1265 1597 1327; x_wconf 86' lang='lat' dir='ltr'><strong>Brechyn</strong></span> <span class='ocrx_word' id='word_1_68' title='bbox 1635 1292 1645 1302; x_wconf 90' lang='lat'><strong>·</strong></span> <span class='ocrx_word' id='word_1_69' title='bbox 1684 1291 1694 1301; x_wconf 93' lang='lat'><strong>·</strong></span> <span class='ocrx_word' id='word_1_70' title='bbox 1734 1292 1744 1301; x_wconf 91' lang='lat'><strong>·</strong></span> <span class='ocrx_word' id='word_1_71' title='bbox 1782 1264 1923 1312; x_wconf 87' lang='lat' dir='ltr'><strong>dictis</strong></span> <span class='ocrx_word' id='word_1_72' title='bbox 1957 1264 2156 1314; x_wconf 87' lang='lat' dir='ltr'><strong>ecclesie</strong></span> <span class='ocrx_word' id='word_1_73' title='bbox 2196 1267 2419 1330; x_wconf 88' lang='lat' dir='ltr'><strong>episcopo</strong></span> 
     </span>
     <span class='ocr_line' id='line_1_8' title="bbox 492 1351 2420 1414; baseline 0.003 -17"><span class='ocrx_word' id='word_1_74' title='bbox 492 1351 671 1397; x_wconf 90' lang='lat' dir='ltr'><strong>decano</strong></span> <span class='ocrx_word' id='word_1_75' title='bbox 708 1355 758 1398; x_wconf 90' lang='lat' dir='ltr'><strong>et</strong></span> <span class='ocrx_word' id='word_1_76' title='bbox 796 1351 1004 1414; x_wconf 88' lang='lat' dir='ltr'><strong>capitulo</strong></span> <span class='ocrx_word' id='word_1_77' title='bbox 1027 1353 1440 1401; x_wconf 81' lang='lat' dir='ltr'><strong>warantizabimus</strong></span> <span class='ocrx_word' id='word_1_78' title='bbox 1477 1381 1487 1391; x_wconf 91' lang='lat'><strong>·</strong></span> <span class='ocrx_word' id='word_1_79' title='bbox 1526 1380 1537 1390; x_wconf 91' lang='lat'><strong>·</strong></span> <span class='ocrx_word' id='word_1_80' title='bbox 1575 1380 1585 1390; x_wconf 88' lang='lat'><strong>·</strong></span> <span class='ocrx_word' id='word_1_81' title='bbox 1624 1353 1684 1399; x_wconf 94' lang='lat' dir='ltr'><strong>In</strong></span> <span class='ocrx_word' id='word_1_82' title='bbox 1708 1352 1840 1400; x_wconf 91' lang='lat' dir='ltr'><strong>cuius</strong></span> <span class='ocrx_word' id='word_1_83' title='bbox 1875 1353 1943 1400; x_wconf 92' lang='lat' dir='ltr'><strong>rei</strong></span> <span class='ocrx_word' id='word_1_84' title='bbox 1966 1353 2287 1402; x_wconf 86' lang='lat' dir='ltr'><strong>testimonium</strong></span> <span class='ocrx_word' id='word_1_85' title='bbox 2311 1354 2420 1402; x_wconf 89' lang='lat' dir='ltr'><strong>huic</strong></span> 
     </span>
     <span class='ocr_line' id='line_1_9' title="bbox 491 1438 2420 1506; baseline 0.003 -22"><span class='ocrx_word' id='word_1_86' title='bbox 491 1438 699 1506; x_wconf 78' lang='lat' dir='ltr'><strong>presenti</strong></span> <span class='ocrx_word' id='word_1_87' title='bbox 723 1442 854 1486; x_wconf 89' lang='lat' dir='ltr'><strong>carte</strong></span> <span class='ocrx_word' id='word_1_88' title='bbox 877 1443 1038 1487; x_wconf 89' lang='lat' dir='ltr'><strong>nostre</strong></span> <span class='ocrx_word' id='word_1_89' title='bbox 1069 1440 1271 1503; x_wconf 86' lang='lat' dir='ltr'><strong>sigillum</strong></span> <span class='ocrx_word' id='word_1_90' title='bbox 1307 1445 1518 1489; x_wconf 87' lang='lat' dir='ltr'><strong>nostrum</strong></span> <span class='ocrx_word' id='word_1_91' title='bbox 1550 1441 1723 1504; x_wconf 90' lang='lat' dir='ltr'><strong>apponi</strong></span> <span class='ocrx_word' id='word_1_92' title='bbox 1757 1441 1955 1489; x_wconf 87' lang='lat' dir='ltr'><strong>fecimus</strong></span> <span class='ocrx_word' id='word_1_93' title='bbox 1991 1469 2001 1480; x_wconf 89' lang='lat'><strong>·</strong></span> <span class='ocrx_word' id='word_1_94' title='bbox 2039 1442 2180 1504; x_wconf 89' lang='lat' dir='ltr'><strong>Apud</strong></span> <span class='ocrx_word' id='word_1_95' title='bbox 2215 1446 2420 1490; x_wconf 84' lang='lat' dir='ltr'><strong>castrum</strong></span> 
     </span>
     <span class='ocr_line' id='line_1_10' title="bbox 492 1527 2419 1590; baseline 0.003 -18"><span class='ocrx_word' id='word_1_96' title='bbox 492 1529 703 1574; x_wconf 88' lang='lat' dir='ltr'><strong>nostrum</strong></span> <span class='ocrx_word' id='word_1_97' title='bbox 728 1527 787 1574; x_wconf 96' lang='grc'><strong>(16</strong></span> <span class='ocrx_word' id='word_1_98' title='bbox 812 1527 1029 1590; x_wconf 84' lang='lat' dir='ltr'><strong>Brechyn</strong></span> <span class='ocrx_word' id='word_1_99' title='bbox 1059 1528 1278 1577; x_wconf 89' lang='lat' dir='ltr'><strong>vicesimo</strong></span> <span class='ocrx_word' id='word_1_100' title='bbox 1302 1530 1509 1577; x_wconf 88' lang='lat' dir='ltr'><strong>secundo</strong></span> <span class='ocrx_word' id='word_1_101' title='bbox 1533 1529 1609 1576; x_wconf 89' lang='lat' dir='ltr'><strong>die</strong></span> <span class='ocrx_word' id='word_1_102' title='bbox 1634 1529 1807 1577; x_wconf 89' lang='lat' dir='ltr'><strong>mensis</strong></span> <span class='ocrx_word' id='word_1_103' title='bbox 1831 1529 2053 1578; x_wconf 88' lang='lat' dir='ltr'><strong>Octobris</strong></span> <span class='ocrx_word' id='word_1_104' title='bbox 2077 1546 2201 1579; x_wconf 90' lang='lat' dir='ltr'><strong>anno</strong></span> <span class='ocrx_word' id='word_1_105' title='bbox 2225 1531 2419 1579; x_wconf 90' lang='lat' dir='ltr'><strong>Domini</strong></span> 
     </span>
     <span class='ocr_line' id='line_1_11' title="bbox 494 1614 1662 1678; baseline 0.003 -17"><span class='ocrx_word' id='word_1_106' title='bbox 494 1614 740 1662; x_wconf 91' lang='lat' dir='ltr'><strong>millesimo</strong></span> <span class='ocrx_word' id='word_1_107' title='bbox 762 1614 1220 1678; x_wconf 87' lang='lat' dir='ltr'><strong>quadringentesimo</strong></span> <span class='ocrx_word' id='word_1_108' title='bbox 1246 1617 1466 1665; x_wconf 85' lang='lat' dir='ltr'><strong>vicesimo</strong></span> <span class='ocrx_word' id='word_1_109' title='bbox 1490 1633 1615 1664; x_wconf 94' lang='lat' dir='ltr'><strong>nono</strong></span> <span class='ocrx_word' id='word_1_110' title='bbox 1653 1645 1662 1654; x_wconf 95' lang='lat'><em>-</em></span> 
     </span>
    </p>
   </div>
   <div class='ocr_carea' id='block_1_3' title="bbox 389 1814 1488 1878">
    <p class='ocr_par' dir='ltr' id='par_1_3' title="bbox 389 1814 1488 1878">
     <span class='ocr_line' id='line_1_12' title="bbox 389 1814 1488 1878; baseline 0.002 -16"><span class='ocrx_word' id='word_1_111' title='bbox 389 1844 392 1847; x_wconf 21' lang='grc' dir='ltr'><strong>Δ</strong></span> <span class='ocrx_word' id='word_1_112' title='bbox 443 1820 472 1848; x_wconf 86' lang='lat'><em>*</em></span> <span class='ocrx_word' id='word_1_113' title='bbox 497 1814 642 1862; x_wconf 90' lang='lat' dir='ltr'><strong>Carta</strong></span> <span class='ocrx_word' id='word_1_114' title='bbox 665 1815 724 1861; x_wconf 91' lang='grc'><strong>(16</strong></span> <span class='ocrx_word' id='word_1_115' title='bbox 749 1814 887 1862; x_wconf 86' lang='grc'><strong>(101110</strong></span> <span class='ocrx_word' id='word_1_116' title='bbox 910 1815 1094 1878; x_wconf 81' lang='lat' dir='ltr'><strong>collegii</strong></span> <span class='ocrx_word' id='word_1_117' title='bbox 1123 1816 1182 1863; x_wconf 88' lang='lat' dir='ltr'><strong>de</strong></span> <span class='ocrx_word' id='word_1_118' title='bbox 1207 1817 1439 1864; x_wconf 89' lang='lat' dir='ltr'><strong>Brechine</strong></span> <span class='ocrx_word' id='word_1_119' title='bbox 1479 1845 1488 1855; x_wconf 91' lang='lat'><strong>·</strong></span> 
     </span>
    </p>
   </div>
   <div class='ocr_carea' id='block_1_4' title="bbox 408 1938 2491 3366">
    <p class='ocr_par' dir='ltr' id='par_1_4' title="bbox 408 1938 2491 3366">
     <span class='ocr_line' id='line_1_13' title="bbox 408 1938 2424 2021; baseline 0.001 -3"><span class='ocrx_word' id='word_1_120' title='bbox 408 1967 472 2014; x_wconf 86' lang='lat'><strong>34</strong></span> <span class='ocrx_word' id='word_1_121' title='bbox 507 1938 777 2020; x_wconf 82' lang='lat' dir='ltr'><strong>Omnibus</strong></span> <span class='ocrx_word' id='word_1_122' title='bbox 811 1972 933 2019; x_wconf 91' lang='lat' dir='ltr'><strong>hanc</strong></span> <span class='ocrx_word' id='word_1_123' title='bbox 971 1976 1152 2020; x_wconf 87' lang='lat' dir='ltr'><strong>cartam</strong></span> <span class='ocrx_word' id='word_1_124' title='bbox 1186 1971 1354 2020; x_wconf 86' lang='lat' dir='ltr'><strong>visuris</strong></span> <span class='ocrx_word' id='word_1_125' title='bbox 1390 1970 1463 2018; x_wconf 89' lang='lat' dir='ltr'><strong>vel</strong></span> <span class='ocrx_word' id='word_1_126' title='bbox 1498 1970 1731 2018; x_wconf 84' lang='lat' dir='ltr'><strong>audituris</strong></span> <span class='ocrx_word' id='word_1_127' title='bbox 1779 1970 2024 2020; x_wconf 88' lang='lat' dir='ltr'><strong>Walterus</strong></span> <span class='ocrx_word' id='word_1_128' title='bbox 2072 1971 2318 2021; x_wconf 88' lang='lat' dir='ltr'><strong>Palatinus</strong></span> <span class='ocrx_word' id='word_1_129' title='bbox 2366 1975 2424 2021; x_wconf 84' lang='lat' dir='ltr'><strong>de</strong></span> 
     </span>
     <span class='ocr_line' id='line_1_14' title="bbox 497 2059 2428 2110; baseline 0.002 -4"><span class='ocrx_word' id='word_1_130' title='bbox 497 2059 776 2107; x_wconf 87' lang='lat' dir='ltr'><strong>Stratherne</strong></span> <span class='ocrx_word' id='word_1_131' title='bbox 803 2059 1002 2108; x_wconf 91' lang='lat' dir='ltr'><strong>Atholie</strong></span> <span class='ocrx_word' id='word_1_132' title='bbox 1020 2064 1069 2108; x_wconf 86' lang='lat' dir='ltr'><strong>et</strong></span> <span class='ocrx_word' id='word_1_133' title='bbox 1086 2059 1318 2108; x_wconf 87' lang='lat' dir='ltr'><strong>Cathanie</strong></span> <span class='ocrx_word' id='word_1_134' title='bbox 1342 2074 1500 2107; x_wconf 89' lang='lat' dir='ltr'><strong>comes</strong></span> <span class='ocrx_word' id='word_1_135' title='bbox 1518 2059 1735 2107; x_wconf 91' lang='lat' dir='ltr'><strong>dominus</strong></span> <span class='ocrx_word' id='word_1_136' title='bbox 1753 2059 1811 2106; x_wconf 91' lang='lat' dir='ltr'><strong>de</strong></span> <span class='ocrx_word' id='word_1_137' title='bbox 1830 2059 2036 2107; x_wconf 87' lang='lat' dir='ltr'><strong>Brechin</strong></span> <span class='ocrx_word' id='word_1_138' title='bbox 2060 2065 2109 2108; x_wconf 93' lang='lat' dir='ltr'><strong>et</strong></span> <span class='ocrx_word' id='word_1_139' title='bbox 2136 2062 2194 2108; x_wconf 90' lang='lat' dir='ltr'><strong>de</strong></span> <span class='ocrx_word' id='word_1_140' title='bbox 2215 2061 2428 2110; x_wconf 88' lang='lat' dir='ltr'><strong>Cortow-</strong></span> 
     </span>
     <span class='ocr_line' id='line_1_15' title="bbox 498 2147 2430 2211; baseline 0.002 -17"><span class='ocrx_word' id='word_1_141' title='bbox 498 2148 625 2211; x_wconf 84' lang='lat' dir='ltr'><strong>quhy</strong></span> <span class='ocrx_word' id='word_1_142' title='bbox 642 2147 843 2196; x_wconf 88' lang='lat' dir='ltr'><strong>salutem</strong></span> <span class='ocrx_word' id='word_1_143' title='bbox 869 2149 916 2195; x_wconf 91' lang='lat' dir='ltr'><strong>in</strong></span> <span class='ocrx_word' id='word_1_144' title='bbox 941 2148 1148 2196; x_wconf 87' lang='lat' dir='ltr'><strong>Domino</strong></span> <span class='ocrx_word' id='word_1_145' title='bbox 1186 2177 1195 2186; x_wconf 92' lang='lat'><strong>·</strong></span> <span class='ocrx_word' id='word_1_146' title='bbox 1233 2148 1408 2196; x_wconf 88' lang='lat' dir='ltr'><strong>Sciatis</strong></span> <span class='ocrx_word' id='word_1_147' title='bbox 1430 2163 1517 2196; x_wconf 90' lang='lat' dir='ltr'><strong>nos</strong></span> <span class='ocrx_word' id='word_1_148' title='bbox 1534 2147 1719 2196; x_wconf 88' lang='lat' dir='ltr'><strong>dedisse</strong></span> <span class='ocrx_word' id='word_1_149' title='bbox 1738 2148 2024 2197; x_wconf 90' lang='lat' dir='ltr'><strong>concessisse</strong></span> <span class='ocrx_word' id='word_1_150' title='bbox 2043 2153 2092 2197; x_wconf 88' lang='lat' dir='ltr'><strong>et</strong></span> <span class='ocrx_word' id='word_1_151' title='bbox 2112 2149 2286 2198; x_wconf 86' lang='lat' dir='ltr'><strong>intuitu</strong></span> <span class='ocrx_word' id='word_1_152' title='bbox 2310 2153 2430 2199; x_wconf 87' lang='lat' dir='ltr'><strong>cari-</strong></span> 
     </span>
     <span class='ocr_line' id='line_1_16' title="bbox 496 2236 2430 2300; baseline 0.002 -17"><span class='ocrx_word' id='word_1_153' title='bbox 496 2236 614 2284; x_wconf 86' lang='lat' dir='ltr'><strong>tatis</strong></span> <span class='ocrx_word' id='word_1_154' title='bbox 635 2237 725 2284; x_wconf 90' lang='lat' dir='ltr'><strong>hac</strong></span> <span class='ocrx_word' id='word_1_155' title='bbox 749 2237 957 2300; x_wconf 89' lang='lat' dir='ltr'><strong>presenti</strong></span> <span class='ocrx_word' id='word_1_156' title='bbox 981 2242 1115 2285; x_wconf 83' lang='lat' dir='ltr'><strong>carta</strong></span> <span class='ocrx_word' id='word_1_157' title='bbox 1137 2241 1301 2285; x_wconf 91' lang='lat' dir='ltr'><strong>nostra</strong></span> <span class='ocrx_word' id='word_1_158' title='bbox 1324 2237 1622 2285; x_wconf 89' lang='lat' dir='ltr'><strong>confirmasse</strong></span> <span class='ocrx_word' id='word_1_159' title='bbox 1649 2236 1755 2284; x_wconf 87' lang='lat' dir='ltr'><strong>Deo</strong></span> <span class='ocrx_word' id='word_1_160' title='bbox 1779 2240 1828 2284; x_wconf 87' lang='lat' dir='ltr'><strong>et</strong></span> <span class='ocrx_word' id='word_1_161' title='bbox 1852 2236 2050 2286; x_wconf 89' lang='lat' dir='ltr'><strong>ecclesie</strong></span> <span class='ocrx_word' id='word_1_162' title='bbox 2075 2237 2250 2286; x_wconf 87' lang='lat' dir='ltr'><strong>Sancte</strong></span> <span class='ocrx_word' id='word_1_163' title='bbox 2277 2240 2430 2287; x_wconf 89' lang='lat' dir='ltr'><strong>Trini-</strong></span> 
     </span>
     <span class='ocr_line' id='line_1_17' title="bbox 498 2324 2427 2386; baseline 0.002 -14"><span class='ocrx_word' id='word_1_164' title='bbox 498 2325 615 2372; x_wconf 88' lang='lat' dir='ltr'><strong>tatis</strong></span> <span class='ocrx_word' id='word_1_165' title='bbox 650 2326 708 2372; x_wconf 90' lang='lat' dir='ltr'><strong>de</strong></span> <span class='ocrx_word' id='word_1_166' title='bbox 745 2325 950 2372; x_wconf 88' lang='lat' dir='ltr'><strong>Brechin</strong></span> <span class='ocrx_word' id='word_1_167' title='bbox 990 2352 999 2362; x_wconf 90' lang='lat'><strong>·</strong></span> <span class='ocrx_word' id='word_1_168' title='bbox 1037 2324 1177 2373; x_wconf 88' lang='lat' dir='ltr'><strong>Illam</strong></span> <span class='ocrx_word' id='word_1_169' title='bbox 1213 2328 1392 2373; x_wconf 88' lang='lat' dir='ltr'><strong>terram</strong></span> <span class='ocrx_word' id='word_1_170' title='bbox 1429 2328 1639 2373; x_wconf 90' lang='lat' dir='ltr'><strong>nostram</strong></span> <span class='ocrx_word' id='word_1_171' title='bbox 1670 2325 1911 2386; x_wconf 88' lang='lat' dir='ltr'><strong>jacentem</strong></span> <span class='ocrx_word' id='word_1_172' title='bbox 1947 2325 1995 2372; x_wconf 91' lang='lat' dir='ltr'><strong>in</strong></span> <span class='ocrx_word' id='word_1_173' title='bbox 2029 2326 2120 2373; x_wconf 88' lang='lat' dir='ltr'><strong>fine</strong></span> <span class='ocrx_word' id='word_1_174' title='bbox 2144 2327 2427 2376; x_wconf 88' lang='lat' dir='ltr'><strong>occidentali</strong></span> 
     </span>
     <span class='ocr_line' id='line_1_18' title="bbox 499 2412 2491 2476; baseline 0.004 -17"><span class='ocrx_word' id='word_1_175' title='bbox 499 2413 607 2460; x_wconf 84' lang='lat' dir='ltr'><strong>ville</strong></span> <span class='ocrx_word' id='word_1_176' title='bbox 631 2414 689 2461; x_wconf 89' lang='lat' dir='ltr'><strong>de</strong></span> <span class='ocrx_word' id='word_1_177' title='bbox 714 2413 947 2460; x_wconf 89' lang='lat' dir='ltr'><strong>Brechine</strong></span> <span class='ocrx_word' id='word_1_178' title='bbox 984 2428 1044 2460; x_wconf 90' lang='lat' dir='ltr'><strong>ex</strong></span> <span class='ocrx_word' id='word_1_179' title='bbox 1084 2417 1217 2476; x_wconf 88' lang='lat' dir='ltr'><strong>parte</strong></span> <span class='ocrx_word' id='word_1_180' title='bbox 1252 2412 1536 2461; x_wconf 90' lang='lat' dir='ltr'><strong>occidentali</strong></span> <span class='ocrx_word' id='word_1_181' title='bbox 1571 2413 1813 2461; x_wconf 87' lang='lat' dir='ltr'><strong>cuiusdam</strong></span> <span class='ocrx_word' id='word_1_182' title='bbox 1850 2412 2030 2461; x_wconf 85' lang='lat' dir='ltr'><strong>venelle</strong></span> <span class='ocrx_word' id='word_1_183' title='bbox 2054 2417 2343 2466; x_wconf 86' lang='lat' dir='ltr'><strong>extendente</strong></span> <span class='ocrx_word' id='word_1_184' title='bbox 2379 2419 2426 2465; x_wconf 93' lang='lat' dir='ltr'><strong>in</strong></span> <span class='ocrx_word' id='word_1_185' title='bbox 2487 2449 2491 2455; x_wconf 69' lang='grc'><strong><em>»</em></strong></span> 
     </span>
     <span class='ocr_line' id='line_1_19' title="bbox 499 2501 2430 2568; baseline 0.003 -19"><span class='ocrx_word' id='word_1_186' title='bbox 499 2502 794 2564; x_wconf 85' lang='lat' dir='ltr'><strong>longitudine</strong></span> <span class='ocrx_word' id='word_1_187' title='bbox 831 2517 996 2550; x_wconf 87' lang='lat' dir='ltr'><strong>versus</strong></span> <span class='ocrx_word' id='word_1_188' title='bbox 1032 2505 1246 2550; x_wconf 86' lang='lat' dir='ltr'><strong>austrum</strong></span> <span class='ocrx_word' id='word_1_189' title='bbox 1283 2505 1333 2549; x_wconf 89' lang='lat' dir='ltr'><strong>et</strong></span> <span class='ocrx_word' id='word_1_190' title='bbox 1369 2502 1561 2549; x_wconf 89' lang='lat' dir='ltr'><strong>boream</strong></span> <span class='ocrx_word' id='word_1_191' title='bbox 1585 2501 1711 2549; x_wconf 85' lang='lat' dir='ltr'><strong>inter</strong></span> <span class='ocrx_word' id='word_1_192' title='bbox 1731 2505 1907 2550; x_wconf 88' lang='lat' dir='ltr'><strong>terram</strong></span> <span class='ocrx_word' id='word_1_193' title='bbox 1945 2502 2171 2551; x_wconf 88' lang='lat' dir='ltr'><strong>heredum</strong></span> <span class='ocrx_word' id='word_1_194' title='bbox 2195 2507 2430 2568; x_wconf 89' lang='lat' dir='ltr'><strong>quondam</strong></span> 
     </span>
     <span class='ocr_line' id='line_1_20' title="bbox 500 2590 2429 2654; baseline 0.004 -17"><span class='ocrx_word' id='word_1_195' title='bbox 500 2591 534 2637; x_wconf 77' lang='lat' dir='ltr'><strong>,J</strong></span> <span class='ocrx_word' id='word_1_196' title='bbox 538 2591 735 2639; x_wconf 90' lang='lat' dir='ltr'><strong>ohannis</strong></span> <span class='ocrx_word' id='word_1_197' title='bbox 773 2591 830 2638; x_wconf 90' lang='lat' dir='ltr'><strong>de</strong></span> <span class='ocrx_word' id='word_1_198' title='bbox 869 2591 1058 2654; x_wconf 81' lang='lat' dir='ltr'><strong>Guthry</strong></span> <span class='ocrx_word' id='word_1_199' title='bbox 1103 2607 1164 2638; x_wconf 86' lang='lat' dir='ltr'><strong>ex</strong></span> <span class='ocrx_word' id='word_1_200' title='bbox 1210 2590 1389 2638; x_wconf 86' lang='lat' dir='ltr'><strong>boreali</strong></span> <span class='ocrx_word' id='word_1_201' title='bbox 1427 2606 1489 2638; x_wconf 89' lang='lat' dir='ltr'><strong>ex</strong></span> <span class='ocrx_word' id='word_1_202' title='bbox 1523 2594 1660 2654; x_wconf 88' lang='lat' dir='ltr'><strong>parte</strong></span> <span class='ocrx_word' id='word_1_203' title='bbox 1699 2606 1792 2638; x_wconf 83' lang='lat' dir='ltr'><strong>una</strong></span> <span class='ocrx_word' id='word_1_204' title='bbox 1832 2594 1881 2638; x_wconf 90' lang='lat' dir='ltr'><strong>et</strong></span> <span class='ocrx_word' id='word_1_205' title='bbox 1919 2592 2154 2654; x_wconf 88' lang='lat' dir='ltr'><strong>quandam</strong></span> <span class='ocrx_word' id='word_1_206' title='bbox 2200 2595 2429 2644; x_wconf 82' lang='lat' dir='ltr'><strong>venellam</strong></span> 
     </span>
     <span class='ocr_line' id='line_1_21' title="bbox 503 2678 2433 2742; baseline 0.003 -15"><span class='ocrx_word' id='word_1_207' title='bbox 503 2679 717 2727; x_wconf 87' lang='lat' dir='ltr'><strong>strictam</strong></span> <span class='ocrx_word' id='word_1_208' title='bbox 742 2695 803 2726; x_wconf 85' lang='lat' dir='ltr'><strong>ex</strong></span> <span class='ocrx_word' id='word_1_209' title='bbox 827 2678 1024 2727; x_wconf 89' lang='lat' dir='ltr'><strong>australi</strong></span> <span class='ocrx_word' id='word_1_210' title='bbox 1048 2695 1110 2726; x_wconf 83' lang='lat' dir='ltr'><strong>ex</strong></span> <span class='ocrx_word' id='word_1_211' title='bbox 1133 2682 1269 2742; x_wconf 89' lang='lat' dir='ltr'><strong>parte</strong></span> <span class='ocrx_word' id='word_1_212' title='bbox 1288 2678 1440 2726; x_wconf 89' lang='lat' dir='ltr'><strong>altera</strong></span> <span class='ocrx_word' id='word_1_213' title='bbox 1463 2679 1524 2726; x_wconf 88' lang='lat' dir='ltr'><strong>ad</strong></span> <span class='ocrx_word' id='word_1_214' title='bbox 1547 2682 1823 2742; x_wconf 85' lang='lat' dir='ltr'><strong>perpetuam</strong></span> <span class='ocrx_word' id='word_1_215' title='bbox 1843 2678 2149 2728; x_wconf 90' lang='lat' dir='ltr'><strong>residentiam</strong></span> <span class='ocrx_word' id='word_1_216' title='bbox 2176 2686 2224 2729; x_wconf 91' lang='lat' dir='ltr'><strong>et</strong></span> <span class='ocrx_word' id='word_1_217' title='bbox 2248 2683 2433 2732; x_wconf 89' lang='lat' dir='ltr'><strong>habita-</strong></span> 
     </span>
     <span class='ocr_line' id='line_1_22' title="bbox 504 2766 2429 2830; baseline 0.004 -16"><span class='ocrx_word' id='word_1_218' title='bbox 504 2768 682 2815; x_wconf 90' lang='lat' dir='ltr'><strong>tionem</strong></span> <span class='ocrx_word' id='word_1_219' title='bbox 719 2771 922 2830; x_wconf 89' lang='lat' dir='ltr'><strong>quatuor</strong></span> <span class='ocrx_word' id='word_1_220' title='bbox 955 2766 1321 2830; x_wconf 88' lang='lat' dir='ltr'><strong>presbiterorum</strong></span> <span class='ocrx_word' id='word_1_221' title='bbox 1358 2770 1408 2814; x_wconf 89' lang='lat' dir='ltr'><strong>et</strong></span> <span class='ocrx_word' id='word_1_222' title='bbox 1439 2782 1526 2815; x_wconf 87' lang='lat' dir='ltr'><strong>sex</strong></span> <span class='ocrx_word' id='word_1_223' title='bbox 1559 2782 1808 2830; x_wconf 85' lang='lat' dir='ltr'><strong>puerorum</strong></span> <span class='ocrx_word' id='word_1_224' title='bbox 1832 2782 1918 2830; x_wconf 85' lang='lat' dir='ltr'><strong>per</strong></span> <span class='ocrx_word' id='word_1_225' title='bbox 1938 2783 2025 2816; x_wconf 94' lang='lat' dir='ltr'><strong>nos</strong></span> <span class='ocrx_word' id='word_1_226' title='bbox 2048 2772 2099 2816; x_wconf 89' lang='lat' dir='ltr'><strong>et</strong></span> <span class='ocrx_word' id='word_1_227' title='bbox 2122 2773 2429 2821; x_wconf 89' lang='lat' dir='ltr'><strong>reuerendum</strong></span> 
     </span>
     <span class='ocr_line' id='line_1_23' title="bbox 507 2855 2432 2919; baseline 0.004 -17"><span class='ocrx_word' id='word_1_228' title='bbox 507 2856 554 2902; x_wconf 90' lang='lat' dir='ltr'><strong>in</strong></span> <span class='ocrx_word' id='word_1_229' title='bbox 580 2855 736 2903; x_wconf 90' lang='lat' dir='ltr'><strong>Cristo</strong></span> <span class='ocrx_word' id='word_1_230' title='bbox 772 2859 954 2918; x_wconf 89' lang='lat' dir='ltr'><strong>patrem</strong></span> <span class='ocrx_word' id='word_1_231' title='bbox 992 2855 1026 2902; x_wconf 88' lang='lat' dir='ltr'><strong>J</strong></span> <span class='ocrx_word' id='word_1_232' title='bbox 1031 2856 1261 2903; x_wconf 85' lang='lat' dir='ltr'><strong>ohannem</strong></span> <span class='ocrx_word' id='word_1_233' title='bbox 1298 2855 1569 2919; x_wconf 88' lang='lat' dir='ltr'><strong>episcopum</strong></span> <span class='ocrx_word' id='word_1_234' title='bbox 1593 2855 1642 2902; x_wconf 92' lang='lat' dir='ltr'><strong>in</strong></span> <span class='ocrx_word' id='word_1_235' title='bbox 1666 2855 1796 2903; x_wconf 91' lang='lat' dir='ltr'><strong>dicta</strong></span> <span class='ocrx_word' id='word_1_236' title='bbox 1819 2855 2020 2904; x_wconf 88' lang='lat' dir='ltr'><strong>ecclesia</strong></span> <span class='ocrx_word' id='word_1_237' title='bbox 2041 2857 2101 2904; x_wconf 89' lang='lat' dir='ltr'><strong>ad</strong></span> <span class='ocrx_word' id='word_1_238' title='bbox 2127 2857 2288 2906; x_wconf 89' lang='lat' dir='ltr'><strong>diuina</strong></span> <span class='ocrx_word' id='word_1_239' title='bbox 2311 2861 2432 2910; x_wconf 91' lang='lat' dir='ltr'><strong>cele-</strong></span> 
     </span>
     <span class='ocr_line' id='line_1_24' title="bbox 504 2944 2427 3009; baseline 0.004 -18"><span class='ocrx_word' id='word_1_240' title='bbox 504 2945 682 2992; x_wconf 89' lang='lat' dir='ltr'><strong>branda</strong></span> <span class='ocrx_word' id='word_1_241' title='bbox 717 2944 903 2992; x_wconf 89' lang='lat' dir='ltr'><strong>nouiter</strong></span> <span class='ocrx_word' id='word_1_242' title='bbox 936 2944 1235 2992; x_wconf 87' lang='lat' dir='ltr'><strong>fundatorum</strong></span> <span class='ocrx_word' id='word_1_243' title='bbox 1273 2973 1284 2982; x_wconf 90' lang='lat'>-</span> <span class='ocrx_word' id='word_1_244' title='bbox 1323 2944 1594 2992; x_wconf 87' lang='lat' dir='ltr'><strong>Tenendam</strong></span> <span class='ocrx_word' id='word_1_245' title='bbox 1618 2947 1667 2991; x_wconf 86' lang='lat' dir='ltr'><strong>et</strong></span> <span class='ocrx_word' id='word_1_246' title='bbox 1691 2944 1954 2992; x_wconf 88' lang='lat' dir='ltr'><strong>habendam</strong></span> <span class='ocrx_word' id='word_1_247' title='bbox 1978 2948 2131 2992; x_wconf 89' lang='lat' dir='ltr'><strong>totam</strong></span> <span class='ocrx_word' id='word_1_248' title='bbox 2165 2947 2427 3009; x_wconf 88' lang='lat' dir='ltr'><strong>predictam</strong></span> 
     </span>
     <span class='ocr_line' id='line_1_25' title="bbox 507 3031 2433 3096; baseline 0.004 -16"><span class='ocrx_word' id='word_1_249' title='bbox 507 3037 684 3080; x_wconf 89' lang='lat' dir='ltr'><strong>terram</strong></span> <span class='ocrx_word' id='word_1_250' title='bbox 720 3048 822 3080; x_wconf 90' lang='lat' dir='ltr'><strong>cum</strong></span> <span class='ocrx_word' id='word_1_251' title='bbox 862 3032 1161 3095; x_wconf 88' lang='lat' dir='ltr'><strong>pertinentiis</strong></span> <span class='ocrx_word' id='word_1_252' title='bbox 1195 3032 1422 3095; x_wconf 90' lang='lat' dir='ltr'><strong>predictis</strong></span> <span class='ocrx_word' id='word_1_253' title='bbox 1459 3031 1658 3080; x_wconf 88' lang='lat' dir='ltr'><strong>ecclesie</strong></span> <span class='ocrx_word' id='word_1_254' title='bbox 1681 3031 1956 3095; x_wconf 90' lang='lat' dir='ltr'><strong>presbiteris</strong></span> <span class='ocrx_word' id='word_1_255' title='bbox 1979 3037 2030 3082; x_wconf 85' lang='lat' dir='ltr'><strong>et</strong></span> <span class='ocrx_word' id='word_1_256' title='bbox 2052 3034 2211 3096; x_wconf 90' lang='lat' dir='ltr'><strong>pueris</strong></span> <span class='ocrx_word' id='word_1_257' title='bbox 2244 3052 2301 3084; x_wconf 93' lang='lat' dir='ltr'><strong>ac</strong></span> <span class='ocrx_word' id='word_1_258' title='bbox 2336 3040 2433 3088; x_wconf 88' lang='lat' dir='ltr'><strong>suis</strong></span> 
     </span>
     <span class='ocr_line' id='line_1_26' title="bbox 509 3119 2434 3178; baseline 0.002 -8"><span class='ocrx_word' id='word_1_259' title='bbox 509 3121 856 3170; x_wconf 86' lang='lat' dir='ltr'><strong>successoribus</strong></span> <span class='ocrx_word' id='word_1_260' title='bbox 878 3136 907 3167; x_wconf 91' lang='lat' dir='ltr'><strong>a</strong></span> <span class='ocrx_word' id='word_1_261' title='bbox 930 3121 1064 3169; x_wconf 89' lang='lat' dir='ltr'><strong>nobis</strong></span> <span class='ocrx_word' id='word_1_262' title='bbox 1097 3125 1146 3169; x_wconf 90' lang='lat' dir='ltr'><strong>et</strong></span> <span class='ocrx_word' id='word_1_263' title='bbox 1181 3121 1355 3178; x_wconf 88' lang='lat' dir='ltr'><strong>nostris</strong></span> <span class='ocrx_word' id='word_1_264' title='bbox 1378 3119 1726 3170; x_wconf 88' lang='lat' dir='ltr'><strong>successoribus</strong></span> <span class='ocrx_word' id='word_1_265' title='bbox 1749 3119 1796 3167; x_wconf 90' lang='lat' dir='ltr'><strong>in</strong></span> <span class='ocrx_word' id='word_1_266' title='bbox 1824 3120 1964 3168; x_wconf 86' lang='lat' dir='ltr'><strong>feodo</strong></span> <span class='ocrx_word' id='word_1_267' title='bbox 1987 3125 2036 3169; x_wconf 91' lang='lat' dir='ltr'><strong>et</strong></span> <span class='ocrx_word' id='word_1_268' title='bbox 2060 3121 2324 3172; x_wconf 87' lang='lat' dir='ltr'><strong>hereditate</strong></span> <span class='ocrx_word' id='word_1_269' title='bbox 2349 3126 2434 3175; x_wconf 89' lang='lat' dir='ltr'><strong>im-</strong></span> 
     </span>
     <span class='ocr_line' id='line_1_27' title="bbox 510 3207 2432 3274; baseline 0.003 -17"><span class='ocrx_word' id='word_1_270' title='bbox 510 3213 786 3274; x_wconf 89' lang='lat' dir='ltr'><strong>perpetuum</strong></span> <span class='ocrx_word' id='word_1_271' title='bbox 824 3209 872 3256; x_wconf 93' lang='lat' dir='ltr'><strong>in</strong></span> <span class='ocrx_word' id='word_1_272' title='bbox 905 3209 1056 3256; x_wconf 84' lang='lat' dir='ltr'><strong>forma</strong></span> <span class='ocrx_word' id='word_1_273' title='bbox 1086 3225 1176 3272; x_wconf 91' lang='lat' dir='ltr'><strong>que</strong></span> <span class='ocrx_word' id='word_1_274' title='bbox 1214 3209 1428 3272; x_wconf 90' lang='lat' dir='ltr'><strong>sequitur</strong></span> <span class='ocrx_word' id='word_1_275' title='bbox 1450 3207 1670 3256; x_wconf 87' lang='lat' dir='ltr'><strong>videlicet</strong></span> <span class='ocrx_word' id='word_1_276' title='bbox 1693 3208 1818 3271; x_wconf 93' lang='lat' dir='ltr'><strong>quod</strong></span> <span class='ocrx_word' id='word_1_277' title='bbox 1841 3209 2075 3271; x_wconf 85' lang='lat' dir='ltr'><strong>presbiter</strong></span> <span class='ocrx_word' id='word_1_278' title='bbox 2097 3210 2177 3273; x_wconf 91' lang='lat' dir='ltr'><strong>qni</strong></span> <span class='ocrx_word' id='word_1_279' title='bbox 2200 3226 2432 3262; x_wconf 90' lang='lat' dir='ltr'><strong>commen-</strong></span> 
     </span>
     <span class='ocr_line' id='line_1_28' title="bbox 511 3295 2436 3366; baseline 0.002 -19"><span class='ocrx_word' id='word_1_280' title='bbox 511 3298 633 3347; x_wconf 89' lang='lat' dir='ltr'><strong>sales</strong></span> <span class='ocrx_word' id='word_1_281' title='bbox 657 3298 704 3344; x_wconf 89' lang='lat' dir='ltr'><strong>in</strong></span> <span class='ocrx_word' id='word_1_282' title='bbox 726 3297 1020 3345; x_wconf 87' lang='lat' dir='ltr'><strong>habitatione</strong></span> <span class='ocrx_word' id='word_1_283' title='bbox 1045 3297 1248 3346; x_wconf 88' lang='lat' dir='ltr'><strong>sustinet</strong></span> <span class='ocrx_word' id='word_1_284' title='bbox 1283 3301 1332 3345; x_wconf 89' lang='lat' dir='ltr'><strong>et</strong></span> <span class='ocrx_word' id='word_1_285' title='bbox 1367 3296 1535 3360; x_wconf 87' lang='lat' dir='ltr'><strong>recipit</strong></span> <span class='ocrx_word' id='word_1_286' title='bbox 1559 3296 1733 3345; x_wconf 89' lang='lat' dir='ltr'><strong>habeat</strong></span> <span class='ocrx_word' id='word_1_287' title='bbox 1768 3295 2071 3345; x_wconf 88' lang='lat' dir='ltr'><strong>medietatem</strong></span> <span class='ocrx_word' id='word_1_288' title='bbox 2107 3299 2199 3347; x_wconf 87' lang='lat' dir='ltr'><strong>orti</strong></span> <span class='ocrx_word' id='word_1_289' title='bbox 2233 3301 2294 3350; x_wconf 83' lang='lat' dir='ltr'><strong>ad</strong></span> <span class='ocrx_word' id='word_1_290' title='bbox 2329 3320 2436 3366; x_wconf 88' lang='lat' dir='ltr'><strong>pro-</strong></span> 
     </span>
    </p>
   </div>
  </div>
 </body>
</html>
