<?xml version="1.0" encoding="UTF-8"?>
<!DOCTYPE html PUBLIC "-//W3C//DTD XHTML 1.0 Transitional//EN"
    "http://www.w3.org/TR/xhtml1/DTD/xhtml1-transitional.dtd">
<html xmlns="http://www.w3.org/1999/xhtml" xml:lang="en" lang="en">
 <head>
  <title>
</title>
<meta http-equiv="Content-Type" content="text/html;charset=utf-8" />
  <meta name='ocr-system' content='tesseract 3.04.00' />
  <meta name='ocr-capabilities' content='ocr_page ocr_carea ocr_par ocr_line ocrx_word'/>
</head>
<body>
  <div class='ocr_page' id='page_1' title='image "./registrumepiscop01brecuoft_0243.png"; bbox 0 0 2950 3970; ppageno 0'>
   <div class='ocr_carea' id='block_1_1' title="bbox 541 637 2358 710">
    <p class='ocr_par' dir='ltr' id='par_1_1' title="bbox 541 637 2358 710">
     <span class='ocr_line' id='line_1_1' title="bbox 541 637 2358 710; baseline 0.011 -19"><span class='ocrx_word' id='word_1_1' title='bbox 541 637 1004 695; x_wconf 83' lang='lat' dir='ltr'>REGISTRUM</span> <span class='ocrx_word' id='word_1_2' title='bbox 1042 640 1578 701; x_wconf 82' lang='lat' dir='ltr'>EPISCOPATUS</span> <span class='ocrx_word' id='word_1_3' title='bbox 1619 647 2202 709; x_wconf 84' lang='lat' dir='ltr'><strong>BREOHINENSIS.</strong></span> <span class='ocrx_word' id='word_1_4' title='bbox 2256 657 2358 710; x_wconf 88' lang='lat'>131</span> 
     </span>
    </p>
   </div>
   <div class='ocr_carea' id='block_1_2' title="bbox 433 825 2362 3381">
    <p class='ocr_par' dir='ltr' id='par_1_2' title="bbox 433 825 2362 3381">
     <span class='ocr_line' id='line_1_2' title="bbox 438 825 2362 899; baseline 0.01 -28"><span class='ocrx_word' id='word_1_5' title='bbox 438 825 628 874; x_wconf 87' lang='lat' dir='ltr'>domino</span> <span class='ocrx_word' id='word_1_6' title='bbox 653 825 917 876; x_wconf 89' lang='lat' dir='ltr'>Cuthberto</span> <span class='ocrx_word' id='word_1_7' title='bbox 941 830 999 876; x_wconf 90' lang='lat' dir='ltr'>de</span> <span class='ocrx_word' id='word_1_8' title='bbox 1025 830 1271 894; x_wconf 83' lang='lat' dir='ltr'>Brechyne</span> <span class='ocrx_word' id='word_1_9' title='bbox 1290 833 1467 883; x_wconf 88' lang='lat' dir='ltr'>decano</span> <span class='ocrx_word' id='word_1_10' title='bbox 1491 834 1688 883; x_wconf 86' lang='lat' dir='ltr'>ecclesie</span> <span class='ocrx_word' id='word_1_11' title='bbox 1711 837 1921 899; x_wconf 76' lang='lat' dir='ltr'>predicte</span> <span class='ocrx_word' id='word_1_12' title='bbox 1945 840 2131 889; x_wconf 90' lang='lat' dir='ltr'>domino</span> <span class='ocrx_word' id='word_1_13' title='bbox 2149 841 2362 890; x_wconf 88' lang='lat' dir='ltr'>Gilberto</span> 
     </span>
     <span class='ocr_line' id='line_1_3' title="bbox 439 914 2360 980; baseline 0.008 -19"><span class='ocrx_word' id='word_1_14' title='bbox 439 914 600 962; x_wconf 89' lang='lat' dir='ltr'>Broun</span> <span class='ocrx_word' id='word_1_15' title='bbox 636 919 829 963; x_wconf 91' lang='lat' dir='ltr'>cantore</span> <span class='ocrx_word' id='word_1_16' title='bbox 867 916 1098 980; x_wconf 89' lang='lat' dir='ltr'>Magistro</span> <span class='ocrx_word' id='word_1_17' title='bbox 1135 919 1350 969; x_wconf 83' lang='lat' dir='ltr'>Galfrido</span> <span class='ocrx_word' id='word_1_18' title='bbox 1385 923 1444 969; x_wconf 90' lang='lat' dir='ltr'>de</span> <span class='ocrx_word' id='word_1_19' title='bbox 1480 923 1826 973; x_wconf 88' lang='lat' dir='ltr'>Abirbrothoch</span> <span class='ocrx_word' id='word_1_20' title='bbox 1852 926 2132 975; x_wconf 89' lang='lat' dir='ltr'>cancellario</span> <span class='ocrx_word' id='word_1_21' title='bbox 2157 929 2360 977; x_wconf 89' lang='lat' dir='ltr'>Domino</span> 
     </span>
     <span class='ocr_line' id='line_1_4' title="bbox 435 1002 2362 1076; baseline 0.008 -27"><span class='ocrx_word' id='word_1_22' title='bbox 435 1002 470 1048; x_wconf 92' lang='lat' dir='ltr'><strong>J</strong></span> <span class='ocrx_word' id='word_1_23' title='bbox 474 1002 657 1050; x_wconf 90' lang='lat' dir='ltr'>ohanne</span> <span class='ocrx_word' id='word_1_24' title='bbox 695 1003 832 1066; x_wconf 90' lang='lat' dir='ltr'>Lyell</span> <span class='ocrx_word' id='word_1_25' title='bbox 859 1004 1152 1055; x_wconf 88' lang='lat' dir='ltr'>thesaurario</span> <span class='ocrx_word' id='word_1_26' title='bbox 1180 1007 1411 1071; x_wconf 87' lang='lat' dir='ltr'>Magistro</span> <span class='ocrx_word' id='word_1_27' title='bbox 1437 1010 1594 1059; x_wconf 87' lang='lat' dir='ltr'>Dauid</span> <span class='ocrx_word' id='word_1_28' title='bbox 1620 1013 1679 1059; x_wconf 91' lang='grc'>(16</span> <span class='ocrx_word' id='word_1_29' title='bbox 1705 1013 1849 1076; x_wconf 84' lang='lat' dir='ltr'>Yduy</span> <span class='ocrx_word' id='word_1_30' title='bbox 1871 1015 2202 1064; x_wconf 89' lang='lat' dir='ltr'>archidiacono</span> <span class='ocrx_word' id='word_1_31' title='bbox 2230 1016 2362 1064; x_wconf 87' lang='lat' dir='ltr'>Wal-</span> 
     </span>
     <span class='ocr_line' id='line_1_5' title="bbox 437 1092 2362 1166; baseline 0.006 -27"><span class='ocrx_word' id='word_1_32' title='bbox 437 1097 541 1140; x_wconf 82' lang='grc'>1610</span> <span class='ocrx_word' id='word_1_33' title='bbox 578 1092 637 1140; x_wconf 91' lang='grc'>(16</span> <span class='ocrx_word' id='word_1_34' title='bbox 676 1092 927 1156; x_wconf 83' lang='lat' dir='ltr'>Lychtoun</span> <span class='ocrx_word' id='word_1_35' title='bbox 952 1095 1219 1144; x_wconf 80' lang='lat' dir='ltr'>subdecano</span> <span class='ocrx_word' id='word_1_36' title='bbox 1246 1097 1478 1160; x_wconf 90' lang='lat' dir='ltr'>Magistro</span> <span class='ocrx_word' id='word_1_37' title='bbox 1504 1099 1745 1148; x_wconf 91' lang='lat' dir='ltr'>Willelmo</span> <span class='ocrx_word' id='word_1_38' title='bbox 1781 1102 1887 1149; x_wconf 84' lang='lat' dir='ltr'>Ade</span> <span class='ocrx_word' id='word_1_39' title='bbox 1925 1103 2221 1166; x_wconf 87' lang='lat' dir='ltr'>pensionario</span> <span class='ocrx_word' id='word_1_40' title='bbox 2258 1104 2362 1151; x_wconf 87' lang='lat' dir='ltr'>Ma-</span> 
     </span>
     <span class='ocr_line' id='line_1_6' title="bbox 434 1180 2359 1252; baseline 0.007 -25"><span class='ocrx_word' id='word_1_41' title='bbox 434 1182 584 1243; x_wconf 87' lang='lat' dir='ltr'>gistro</span> <span class='ocrx_word' id='word_1_42' title='bbox 620 1180 820 1230; x_wconf 86' lang='lat' dir='ltr'>Andrea</span> <span class='ocrx_word' id='word_1_43' title='bbox 857 1183 1069 1231; x_wconf 89' lang='lat' dir='ltr'>Trebrun</span> <span class='ocrx_word' id='word_1_44' title='bbox 1103 1185 1414 1247; x_wconf 91' lang='lat' dir='ltr'>prebendario</span> <span class='ocrx_word' id='word_1_45' title='bbox 1462 1188 1520 1235; x_wconf 88' lang='lat' dir='ltr'>de</span> <span class='ocrx_word' id='word_1_46' title='bbox 1564 1188 1805 1252; x_wconf 79' lang='lat' dir='ltr'>Buthirgil</span> <span class='ocrx_word' id='word_1_47' title='bbox 1841 1190 2046 1239; x_wconf 88' lang='lat' dir='ltr'>Domino</span> <span class='ocrx_word' id='word_1_48' title='bbox 2087 1192 2267 1240; x_wconf 89' lang='lat' dir='ltr'>Thoma</span> <span class='ocrx_word' id='word_1_49' title='bbox 2303 1194 2359 1239; x_wconf 89' lang='lat' dir='ltr'>de</span> 
     </span>
     <span class='ocr_line' id='line_1_7' title="bbox 439 1269 2360 1342; baseline 0.006 -25"><span class='ocrx_word' id='word_1_50' title='bbox 439 1269 638 1319; x_wconf 90' lang='lat' dir='ltr'>Luchris</span> <span class='ocrx_word' id='word_1_51' title='bbox 672 1270 984 1334; x_wconf 87' lang='lat' dir='ltr'>prebendario</span> <span class='ocrx_word' id='word_1_52' title='bbox 1019 1272 1076 1319; x_wconf 90' lang='lat' dir='ltr'>de</span> <span class='ocrx_word' id='word_1_53' title='bbox 1114 1272 1348 1336; x_wconf 81' lang='lat' dir='ltr'>Kylmoyr</span> <span class='ocrx_word' id='word_1_54' title='bbox 1383 1275 1570 1323; x_wconf 88' lang='lat' dir='ltr'>domino</span> <span class='ocrx_word' id='word_1_55' title='bbox 1604 1277 1639 1322; x_wconf 88' lang='lat' dir='ltr'><strong>J</strong></span> <span class='ocrx_word' id='word_1_56' title='bbox 1643 1276 1824 1325; x_wconf 90' lang='lat' dir='ltr'>ohanne</span> <span class='ocrx_word' id='word_1_57' title='bbox 1852 1278 2031 1327; x_wconf 82' lang='lat' dir='ltr'>Mowet</span> <span class='ocrx_word' id='word_1_58' title='bbox 2055 1281 2360 1342; x_wconf 89' lang='lat' dir='ltr'>prebendario</span> 
     </span>
     <span class='ocr_line' id='line_1_8' title="bbox 437 1359 2361 1426; baseline 0.006 -21"><span class='ocrx_word' id='word_1_59' title='bbox 437 1359 495 1406; x_wconf 90' lang='grc'>(16</span> <span class='ocrx_word' id='word_1_60' title='bbox 532 1359 718 1406; x_wconf 87' lang='lat' dir='ltr'>Guthre</span> <span class='ocrx_word' id='word_1_61' title='bbox 743 1359 933 1407; x_wconf 90' lang='lat' dir='ltr'>domino</span> <span class='ocrx_word' id='word_1_62' title='bbox 959 1359 1202 1408; x_wconf 91' lang='lat' dir='ltr'>Willelmo</span> <span class='ocrx_word' id='word_1_63' title='bbox 1229 1361 1420 1410; x_wconf 90' lang='lat' dir='ltr'>Wricht</span> <span class='ocrx_word' id='word_1_64' title='bbox 1444 1363 1753 1426; x_wconf 89' lang='lat' dir='ltr'>prebendario</span> <span class='ocrx_word' id='word_1_65' title='bbox 1791 1367 1848 1414; x_wconf 89' lang='lat' dir='ltr'>de</span> <span class='ocrx_word' id='word_1_66' title='bbox 1886 1367 2092 1415; x_wconf 90' lang='lat' dir='ltr'>Lethnot</span> <span class='ocrx_word' id='word_1_67' title='bbox 2128 1370 2361 1417; x_wconf 88' lang='lat' dir='ltr'>canonicis</span> 
     </span>
     <span class='ocr_line' id='line_1_9' title="bbox 436 1446 2360 1520; baseline 0.004 -25"><span class='ocrx_word' id='word_1_68' title='bbox 436 1447 619 1511; x_wconf 88' lang='lat' dir='ltr'>prefate</span> <span class='ocrx_word' id='word_1_69' title='bbox 659 1446 859 1496; x_wconf 88' lang='lat' dir='ltr'>ecclesie</span> <span class='ocrx_word' id='word_1_70' title='bbox 897 1475 908 1485; x_wconf 91' lang='lat'><strong>·</strong></span> <span class='ocrx_word' id='word_1_71' title='bbox 947 1448 1012 1496; x_wconf 92' lang='lat' dir='ltr'>Et</span> <span class='ocrx_word' id='word_1_72' title='bbox 1053 1465 1214 1498; x_wconf 87' lang='lat' dir='ltr'>versus</span> <span class='ocrx_word' id='word_1_73' title='bbox 1252 1450 1390 1498; x_wconf 89' lang='lat' dir='ltr'><strong>finem</strong></span> <span class='ocrx_word' id='word_1_74' title='bbox 1434 1451 1481 1498; x_wconf 92' lang='lat' dir='ltr'>in</span> <span class='ocrx_word' id='word_1_75' title='bbox 1525 1452 1665 1501; x_wconf 89' lang='lat' dir='ltr'>dictis</span> <span class='ocrx_word' id='word_1_76' title='bbox 1699 1454 1893 1502; x_wconf 89' lang='lat' dir='ltr'>statutis</span> <span class='ocrx_word' id='word_1_77' title='bbox 1929 1454 2111 1503; x_wconf 89' lang='lat' dir='ltr'>Valteri</span> <span class='ocrx_word' id='word_1_78' title='bbox 2155 1457 2360 1520; x_wconf 80' lang='lat' dir='ltr'>episcopi</span> 
     </span>
     <span class='ocr_line' id='line_1_10' title="bbox 434 1536 2361 1604; baseline 0.003 -18"><span class='ocrx_word' id='word_1_79' title='bbox 434 1536 658 1586; x_wconf 77' lang='lat' dir='ltr'>scribitur</span> <span class='ocrx_word' id='word_1_80' title='bbox 694 1565 705 1575; x_wconf 89' lang='lat'><strong>·</strong></span> <span class='ocrx_word' id='word_1_81' title='bbox 742 1537 846 1592; x_wconf 79' lang='lat' dir='ltr'>Que</span> <span class='ocrx_word' id='word_1_82' title='bbox 884 1540 1068 1586; x_wconf 90' lang='lat' dir='ltr'>statuta</span> <span class='ocrx_word' id='word_1_83' title='bbox 1104 1542 1154 1586; x_wconf 90' lang='lat' dir='ltr'>et</span> <span class='ocrx_word' id='word_1_84' title='bbox 1191 1538 1517 1588; x_wconf 87' lang='lat' dir='ltr'>ordinaciones</span> <span class='ocrx_word' id='word_1_85' title='bbox 1554 1540 1768 1603; x_wconf 87' lang='lat' dir='ltr'>predicta</span> <span class='ocrx_word' id='word_1_86' title='bbox 1802 1547 2044 1604; x_wconf 80' lang='lat' dir='ltr'>presentes</span> <span class='ocrx_word' id='word_1_87' title='bbox 2078 1544 2289 1592; x_wconf 86' lang='lat' dir='ltr'>canonici</span> <span class='ocrx_word' id='word_1_88' title='bbox 2314 1546 2361 1592; x_wconf 92' lang='lat' dir='ltr'>in</span> 
     </span>
     <span class='ocr_line' id='line_1_11' title="bbox 434 1625 2359 1694; baseline 0.004 -21"><span class='ocrx_word' id='word_1_89' title='bbox 434 1626 676 1689; x_wconf 77' lang='lat' dir='ltr'>presentia</span> <span class='ocrx_word' id='word_1_90' title='bbox 710 1625 886 1673; x_wconf 91' lang='lat' dir='ltr'>domini</span> <span class='ocrx_word' id='word_1_91' title='bbox 922 1625 1131 1689; x_wconf 82' lang='lat' dir='ltr'>episcopi</span> <span class='ocrx_word' id='word_1_92' title='bbox 1165 1627 1480 1690; x_wconf 77' lang='lat' dir='ltr'>prenominati</span> <span class='ocrx_word' id='word_1_93' title='bbox 1515 1644 1704 1676; x_wconf 85' lang='lat' dir='ltr'>seruare</span> <span class='ocrx_word' id='word_1_94' title='bbox 1734 1630 2013 1691; x_wconf 90' lang='lat' dir='ltr'>jurauerunt</span> <span class='ocrx_word' id='word_1_95' title='bbox 2038 1637 2267 1694; x_wconf 87' lang='lat' dir='ltr'>quatenus</span> <span class='ocrx_word' id='word_1_96' title='bbox 2300 1636 2359 1680; x_wconf 88' lang='lat' dir='ltr'>ad</span> 
     </span>
     <span class='ocr_line' id='line_1_12' title="bbox 436 1714 2359 1779; baseline 0.003 -18"><span class='ocrx_word' id='word_1_97' title='bbox 436 1714 693 1779; x_wconf 76' lang='lat' dir='ltr'>quemlibet</span> <span class='ocrx_word' id='word_1_98' title='bbox 711 1715 916 1779; x_wconf 90' lang='lat' dir='ltr'>ipsorum</span> <span class='ocrx_word' id='word_1_99' title='bbox 939 1714 1179 1778; x_wconf 78' lang='lat' dir='ltr'>pertinent</span> <span class='ocrx_word' id='word_1_100' title='bbox 1196 1715 1340 1776; x_wconf 87' lang='lat' dir='ltr'>juxta</span> <span class='ocrx_word' id='word_1_101' title='bbox 1359 1731 1497 1779; x_wconf 88' lang='lat' dir='ltr'>posse</span> <span class='ocrx_word' id='word_1_102' title='bbox 1537 1744 1547 1754; x_wconf 91' lang='lat'><strong>·</strong></span> <span class='ocrx_word' id='word_1_103' title='bbox 1585 1716 1744 1765; x_wconf 91' lang='lat' dir='ltr'>Primo</span> <span class='ocrx_word' id='word_1_104' title='bbox 1767 1718 1980 1766; x_wconf 88' lang='lat' dir='ltr'>dominus</span> <span class='ocrx_word' id='word_1_105' title='bbox 2000 1719 2284 1769; x_wconf 85' lang='lat' dir='ltr'>Cuthbertus</span> <span class='ocrx_word' id='word_1_106' title='bbox 2302 1722 2359 1767; x_wconf 90' lang='lat' dir='ltr'>de</span> 
     </span>
     <span class='ocr_line' id='line_1_13' title="bbox 437 1801 2360 1868; baseline 0.002 -16"><span class='ocrx_word' id='word_1_107' title='bbox 437 1805 672 1852; x_wconf 86' lang='lat' dir='ltr'>Breohine</span> <span class='ocrx_word' id='word_1_108' title='bbox 707 1805 914 1852; x_wconf 88' lang='lat' dir='ltr'>decanus</span> <span class='ocrx_word' id='word_1_109' title='bbox 938 1803 1172 1852; x_wconf 89' lang='lat' dir='ltr'>Dominus</span> <span class='ocrx_word' id='word_1_110' title='bbox 1196 1801 1442 1852; x_wconf 86' lang='lat' dir='ltr'>Gilbertus</span> <span class='ocrx_word' id='word_1_111' title='bbox 1479 1805 1639 1852; x_wconf 90' lang='lat' dir='ltr'>Broun</span> <span class='ocrx_word' id='word_1_112' title='bbox 1677 1809 1845 1853; x_wconf 88' lang='lat' dir='ltr'>cantor</span> <span class='ocrx_word' id='word_1_113' title='bbox 1868 1806 2100 1868; x_wconf 80' lang='lat' dir='ltr'>Magister</span> <span class='ocrx_word' id='word_1_114' title='bbox 2124 1807 2360 1856; x_wconf 86' lang='lat' dir='ltr'>Galfridus</span> 
     </span>
     <span class='ocr_line' id='line_1_14' title="bbox 435 1869 2358 1956; baseline 0.001 -15"><span class='ocrx_word' id='word_1_115' title='bbox 435 1869 744 1942; x_wconf 88' lang='lat' dir='ltr'>cancellarius</span> <span class='ocrx_word' id='word_1_116' title='bbox 767 1892 1002 1941; x_wconf 88' lang='lat' dir='ltr'>Dominus</span> <span class='ocrx_word' id='word_1_117' title='bbox 1035 1892 1069 1939; x_wconf 89' lang='lat' dir='ltr'><strong>J</strong></span> <span class='ocrx_word' id='word_1_118' title='bbox 1073 1892 1280 1940; x_wconf 90' lang='lat' dir='ltr'>ohannes</span> <span class='ocrx_word' id='word_1_119' title='bbox 1317 1892 1436 1955; x_wconf 85' lang='lat' dir='ltr'>Lyel</span> <span class='ocrx_word' id='word_1_120' title='bbox 1469 1892 1790 1941; x_wconf 80' lang='lat' dir='ltr'>thesaurarius</span> <span class='ocrx_word' id='word_1_121' title='bbox 1827 1893 2055 1956; x_wconf 82' lang='lat' dir='ltr'>Magister</span> <span class='ocrx_word' id='word_1_122' title='bbox 2095 1894 2358 1943; x_wconf 90' lang='lat' dir='ltr'>Willelmus</span> 
     </span>
     <span class='ocr_line' id='line_1_15' title="bbox 437 1980 2361 2047; baseline -0.001 -15"><span class='ocrx_word' id='word_1_123' title='bbox 437 1983 548 2032; x_wconf 91' lang='lat' dir='ltr'>Ade</span> <span class='ocrx_word' id='word_1_124' title='bbox 594 1982 920 2047; x_wconf 88' lang='lat' dir='ltr'>pensionarius</span> <span class='ocrx_word' id='word_1_125' title='bbox 963 1981 1195 2044; x_wconf 84' lang='lat' dir='ltr'>Magister</span> <span class='ocrx_word' id='word_1_126' title='bbox 1235 1980 1401 2028; x_wconf 88' lang='lat' dir='ltr'>Dauid·</span> <span class='ocrx_word' id='word_1_127' title='bbox 1439 1981 1498 2028; x_wconf 92' lang='lat' dir='ltr'>de</span> <span class='ocrx_word' id='word_1_128' title='bbox 1535 1981 1678 2043; x_wconf 80' lang='lat' dir='ltr'>Yduy</span> <span class='ocrx_word' id='word_1_129' title='bbox 1724 1981 2082 2030; x_wconf 87' lang='lat' dir='ltr'>archidiaconus</span> <span class='ocrx_word' id='word_1_130' title='bbox 2131 1983 2361 2045; x_wconf 88' lang='lat' dir='ltr'>Magister</span> 
     </span>
     <span class='ocr_line' id='line_1_16' title="bbox 434 2068 2358 2132; baseline -0.001 -11"><span class='ocrx_word' id='word_1_131' title='bbox 434 2073 654 2121; x_wconf 86' lang='lat' dir='ltr'>Andreas</span> <span class='ocrx_word' id='word_1_132' title='bbox 689 2072 749 2120; x_wconf 91' lang='grc'>(16</span> <span class='ocrx_word' id='word_1_133' title='bbox 788 2071 1029 2118; x_wconf 87' lang='lat' dir='ltr'>Treburne</span> <span class='ocrx_word' id='word_1_134' title='bbox 1066 2068 1403 2132; x_wconf 87' lang='lat' dir='ltr'>prebendarius</span> <span class='ocrx_word' id='word_1_135' title='bbox 1442 2069 1500 2116; x_wconf 90' lang='lat' dir='ltr'>de</span> <span class='ocrx_word' id='word_1_136' title='bbox 1540 2069 1789 2132; x_wconf 83' lang='lat' dir='ltr'>Buthyrgil</span> <span class='ocrx_word' id='word_1_137' title='bbox 1826 2096 1835 2106; x_wconf 88' lang='lat'><strong>·</strong></span> <span class='ocrx_word' id='word_1_138' title='bbox 1874 2069 1997 2117; x_wconf 90' lang='lat' dir='ltr'>Item</span> <span class='ocrx_word' id='word_1_139' title='bbox 2022 2070 2068 2117; x_wconf 92' lang='lat' dir='ltr'>in</span> <span class='ocrx_word' id='word_1_140' title='bbox 2093 2071 2230 2119; x_wconf 90' lang='lat' dir='ltr'>dorso</span> <span class='ocrx_word' id='word_1_141' title='bbox 2262 2072 2358 2119; x_wconf 89' lang='lat' dir='ltr'>dic-</span> 
     </span>
     <span class='ocr_line' id='line_1_17' title="bbox 433 2156 2357 2221; baseline -0.002 -11"><span class='ocrx_word' id='word_1_142' title='bbox 433 2167 590 2210; x_wconf 91' lang='lat' dir='ltr'>torum</span> <span class='ocrx_word' id='word_1_143' title='bbox 613 2164 900 2210; x_wconf 89' lang='lat' dir='ltr'>statutorum</span> <span class='ocrx_word' id='word_1_144' title='bbox 928 2158 1134 2206; x_wconf 89' lang='lat' dir='ltr'>Walteri</span> <span class='ocrx_word' id='word_1_145' title='bbox 1158 2158 1388 2221; x_wconf 90' lang='lat' dir='ltr'>quondam</span> <span class='ocrx_word' id='word_1_146' title='bbox 1413 2157 1619 2220; x_wconf 84' lang='lat' dir='ltr'>episcopi</span> <span class='ocrx_word' id='word_1_147' title='bbox 1643 2156 1801 2220; x_wconf 89' lang='lat' dir='ltr'>aliqua</span> <span class='ocrx_word' id='word_1_148' title='bbox 1822 2157 2009 2205; x_wconf 89' lang='lat' dir='ltr'>fuerunt</span> <span class='ocrx_word' id='word_1_149' title='bbox 2027 2162 2208 2206; x_wconf 85' lang='lat' dir='ltr'>statuta</span> <span class='ocrx_word' id='word_1_150' title='bbox 2230 2159 2357 2207; x_wconf 85' lang='lat' dir='ltr'>facta</span> 
     </span>
     <span class='ocr_line' id='line_1_18' title="bbox 435 2244 2355 2315; baseline -0.003 -15"><span class='ocrx_word' id='word_1_151' title='bbox 435 2268 520 2315; x_wconf 91' lang='lat' dir='ltr'>per</span> <span class='ocrx_word' id='word_1_152' title='bbox 555 2252 589 2299; x_wconf 84' lang='lat' dir='ltr'><strong>J</strong></span> <span class='ocrx_word' id='word_1_153' title='bbox 593 2251 826 2299; x_wconf 86' lang='lat' dir='ltr'>ohannem</span> <span class='ocrx_word' id='word_1_154' title='bbox 872 2248 1143 2312; x_wconf 86' lang='lat' dir='ltr'>episcopum</span> <span class='ocrx_word' id='word_1_155' title='bbox 1182 2246 1454 2293; x_wconf 89' lang='lat' dir='ltr'>modernum</span> <span class='ocrx_word' id='word_1_156' title='bbox 1496 2248 1549 2292; x_wconf 93' lang='lat' dir='ltr'>ut</span> <span class='ocrx_word' id='word_1_157' title='bbox 1595 2244 1766 2291; x_wconf 91' lang='lat' dir='ltr'>ibidem</span> <span class='ocrx_word' id='word_1_158' title='bbox 1813 2249 2040 2308; x_wconf 86' lang='lat' dir='ltr'>apparent</span> <span class='ocrx_word' id='word_1_159' title='bbox 2086 2250 2135 2292; x_wconf 87' lang='grc'>61</span> <span class='ocrx_word' id='word_1_160' title='bbox 2180 2246 2355 2309; x_wconf 85' lang='lat' dir='ltr'>scripta</span> 
     </span>
     <span class='ocr_line' id='line_1_19' title="bbox 436 2332 2355 2397; baseline -0.004 -8"><span class='ocrx_word' id='word_1_161' title='bbox 436 2356 578 2388; x_wconf 89' lang='lat' dir='ltr'>manu</span> <span class='ocrx_word' id='word_1_162' title='bbox 616 2337 868 2387; x_wconf 89' lang='lat' dir='ltr'>Cuthberti</span> <span class='ocrx_word' id='word_1_163' title='bbox 904 2338 962 2384; x_wconf 88' lang='lat' dir='ltr'>de</span> <span class='ocrx_word' id='word_1_164' title='bbox 1001 2335 1231 2383; x_wconf 89' lang='lat' dir='ltr'>Breohine</span> <span class='ocrx_word' id='word_1_165' title='bbox 1267 2334 1500 2397; x_wconf 87' lang='lat' dir='ltr'>quondam</span> <span class='ocrx_word' id='word_1_166' title='bbox 1536 2333 1701 2380; x_wconf 88' lang='lat' dir='ltr'>decani</span> <span class='ocrx_word' id='word_1_167' title='bbox 1728 2332 2055 2380; x_wconf 84' lang='lat' dir='ltr'>Breohinensis</span> <span class='ocrx_word' id='word_1_168' title='bbox 2090 2338 2138 2380; x_wconf 90' lang='lat' dir='ltr'>et</span> <span class='ocrx_word' id='word_1_169' title='bbox 2173 2334 2355 2396; x_wconf 88' lang='lat' dir='ltr'>signata</span> 
     </span>
     <span class='ocr_line' id='line_1_20' title="bbox 437 2420 2352 2487; baseline -0.004 -10"><span class='ocrx_word' id='word_1_170' title='bbox 437 2429 653 2478; x_wconf 88' lang='lat' dir='ltr'>manibus</span> <span class='ocrx_word' id='word_1_171' title='bbox 696 2428 731 2474; x_wconf 87' lang='lat' dir='ltr'><strong>J</strong></span> <span class='ocrx_word' id='word_1_172' title='bbox 734 2425 933 2475; x_wconf 89' lang='lat' dir='ltr'>ohannis</span> <span class='ocrx_word' id='word_1_173' title='bbox 987 2423 1195 2487; x_wconf 87' lang='lat' dir='ltr'>episcopi</span> <span class='ocrx_word' id='word_1_174' title='bbox 1241 2421 1452 2470; x_wconf 90' lang='lat' dir='ltr'>moderni</span> <span class='ocrx_word' id='word_1_175' title='bbox 1498 2425 1547 2468; x_wconf 88' lang='lat' dir='ltr'>et</span> <span class='ocrx_word' id='word_1_176' title='bbox 1594 2421 1881 2468; x_wconf 89' lang='lat' dir='ltr'>diuersorum</span> <span class='ocrx_word' id='word_1_177' title='bbox 1928 2420 2253 2469; x_wconf 84' lang='lat' dir='ltr'>canonicorum</span> <span class='ocrx_word' id='word_1_178' title='bbox 2302 2427 2352 2469; x_wconf 91' lang='lat' dir='ltr'>ut</span> 
     </span>
     <span class='ocr_line' id='line_1_21' title="bbox 436 2507 2354 2582; baseline -0.005 -15"><span class='ocrx_word' id='word_1_179' title='bbox 436 2521 635 2582; x_wconf 89' lang='lat' dir='ltr'>apparet</span> <span class='ocrx_word' id='word_1_180' title='bbox 660 2517 870 2572; x_wconf 81' lang='lat' dir='ltr'>Quorum</span> <span class='ocrx_word' id='word_1_181' title='bbox 902 2518 1042 2562; x_wconf 87' lang='lat' dir='ltr'>tenor</span> <span class='ocrx_word' id='word_1_182' title='bbox 1079 2513 1138 2559; x_wconf 90' lang='lat' dir='ltr'>de</span> <span class='ocrx_word' id='word_1_183' title='bbox 1175 2510 1316 2558; x_wconf 85' lang='lat' dir='ltr'>verbo</span> <span class='ocrx_word' id='word_1_184' title='bbox 1352 2509 1401 2556; x_wconf 92' lang='lat' dir='ltr'>in</span> <span class='ocrx_word' id='word_1_185' title='bbox 1437 2509 1626 2556; x_wconf 86' lang='lat' dir='ltr'>verbum</span> <span class='ocrx_word' id='word_1_186' title='bbox 1650 2508 1862 2571; x_wconf 87' lang='lat' dir='ltr'>sequitur</span> <span class='ocrx_word' id='word_1_187' title='bbox 1900 2535 1910 2545; x_wconf 89' lang='lat'><strong>·</strong></span> <span class='ocrx_word' id='word_1_188' title='bbox 1947 2507 2354 2558; x_wconf 81' lang='lat' dir='ltr'>CoNsTrrU&#39;rIoNEs</span> 
     </span>
     <span class='ocr_line' id='line_1_22' title="bbox 437 2597 2354 2662; baseline -0.005 -7"><span class='ocrx_word' id='word_1_189' title='bbox 437 2612 487 2655; x_wconf 91' lang='lat' dir='ltr'>et</span> <span class='ocrx_word' id='word_1_190' title='bbox 521 2603 844 2654; x_wconf 88' lang='lat' dir='ltr'>ordinationes</span> <span class='ocrx_word' id='word_1_191' title='bbox 876 2602 910 2648; x_wconf 85' lang='lat' dir='ltr'><strong>J</strong></span> <span class='ocrx_word' id='word_1_192' title='bbox 915 2599 1112 2650; x_wconf 84' lang='lat' dir='ltr'>ohannis</span> <span class='ocrx_word' id='word_1_193' title='bbox 1147 2597 1354 2662; x_wconf 89' lang='lat' dir='ltr'>episcopi</span> <span class='ocrx_word' id='word_1_194' title='bbox 1391 2597 1719 2644; x_wconf 79' lang='lat' dir='ltr'>Breohinensis</span> <span class='ocrx_word' id='word_1_195' title='bbox 1754 2597 1918 2643; x_wconf 89' lang='lat' dir='ltr'>decani</span> <span class='ocrx_word' id='word_1_196' title='bbox 1953 2600 2001 2644; x_wconf 89' lang='lat' dir='ltr'>et</span> <span class='ocrx_word' id='word_1_197' title='bbox 2036 2597 2228 2660; x_wconf 86' lang='lat' dir='ltr'>capituli</span> <span class='ocrx_word' id='word_1_198' title='bbox 2258 2615 2354 2646; x_wconf 90' lang='lat' dir='ltr'>om-</span> 
     </span>
     <span class='ocr_line' id='line_1_23' title="bbox 437 2683 2354 2758; baseline -0.006 -14"><span class='ocrx_word' id='word_1_199' title='bbox 437 2695 658 2758; x_wconf 89' lang='lat' dir='ltr'>niumque</span> <span class='ocrx_word' id='word_1_200' title='bbox 694 2691 1026 2742; x_wconf 89' lang='lat' dir='ltr'>canonicorum</span> <span class='ocrx_word' id='word_1_201' title='bbox 1061 2687 1268 2736; x_wconf 89' lang='lat' dir='ltr'>eiusdem</span> <span class='ocrx_word' id='word_1_202' title='bbox 1315 2686 1375 2733; x_wconf 91' lang='lat' dir='ltr'>ad</span> <span class='ocrx_word' id='word_1_203' title='bbox 1422 2688 1671 2747; x_wconf 88' lang='lat' dir='ltr'>sequentes</span> <span class='ocrx_word' id='word_1_204' title='bbox 1715 2683 2085 2732; x_wconf 51' lang='lat' dir='ltr'>constitutiones¹</span> <span class='ocrx_word' id='word_1_205' title='bbox 2116 2684 2354 2733; x_wconf 83' lang='lat' dir='ltr'>faciendas</span> 
     </span>
     <span class='ocr_line' id='line_1_24' title="bbox 437 2772 2354 2848; baseline -0.006 -16"><span class='ocrx_word' id='word_1_206' title='bbox 437 2782 709 2848; x_wconf 86' lang='lat' dir='ltr'>specialiter</span> <span class='ocrx_word' id='word_1_207' title='bbox 731 2783 781 2828; x_wconf 89' lang='lat' dir='ltr'>et</span> <span class='ocrx_word' id='word_1_208' title='bbox 803 2778 1012 2842; x_wconf 84' lang='lat' dir='ltr'>legitime</span> <span class='ocrx_word' id='word_1_209' title='bbox 1037 2776 1292 2825; x_wconf 88' lang='lat' dir='ltr'>secundum</span> <span class='ocrx_word' id='word_1_210' title='bbox 1331 2772 1713 2822; x_wconf 86' lang='lat' dir='ltr'>consuetudinem</span> <span class='ocrx_word' id='word_1_211' title='bbox 1737 2772 1962 2819; x_wconf 88' lang='lat' dir='ltr'>hactenus</span> <span class='ocrx_word' id='word_1_212' title='bbox 1996 2772 2043 2819; x_wconf 92' lang='lat' dir='ltr'>in</span> <span class='ocrx_word' id='word_1_213' title='bbox 2079 2773 2206 2820; x_wconf 87' lang='lat' dir='ltr'>dicto</span> <span class='ocrx_word' id='word_1_214' title='bbox 2229 2774 2354 2836; x_wconf 87' lang='lat' dir='ltr'>capi-</span> 
     </span>
     <span class='ocr_line' id='line_1_25' title="bbox 438 2859 2352 2923; baseline -0.006 -2"><span class='ocrx_word' id='word_1_215' title='bbox 438 2872 539 2921; x_wconf 88' lang='lat' dir='ltr'>tulo</span> <span class='ocrx_word' id='word_1_216' title='bbox 584 2871 885 2919; x_wconf 87' lang='lat' dir='ltr'>obseruatam</span> <span class='ocrx_word' id='word_1_217' title='bbox 935 2868 1298 2914; x_wconf 82' lang='lat' dir='ltr'>conuocatorum</span> <span class='ocrx_word' id='word_1_218' title='bbox 1351 2866 1400 2909; x_wconf 89' lang='lat' dir='ltr'>et</span> <span class='ocrx_word' id='word_1_219' title='bbox 1449 2863 1800 2923; x_wconf 86' lang='lat' dir='ltr'>aggregatorum</span> <span class='ocrx_word' id='word_1_220' title='bbox 1848 2863 1896 2906; x_wconf 88' lang='lat' dir='ltr'>et</span> <span class='ocrx_word' id='word_1_221' title='bbox 1942 2859 2126 2908; x_wconf 87' lang='lat' dir='ltr'>iteratis</span> <span class='ocrx_word' id='word_1_222' title='bbox 2175 2861 2352 2910; x_wconf 81' lang='lat' dir='ltr'>vicibus</span> 
     </span>
     <span class='ocr_line' id='line_1_26' title="bbox 437 2948 2352 3026; baseline -0.006 -16"><span class='ocrx_word' id='word_1_223' title='bbox 437 2959 688 3026; x_wconf 90' lang='lat' dir='ltr'>prehabita</span> <span class='ocrx_word' id='word_1_224' title='bbox 718 2962 906 3006; x_wconf 89' lang='lat' dir='ltr'>matura</span> <span class='ocrx_word' id='word_1_225' title='bbox 941 2952 1279 3002; x_wconf 90' lang='lat' dir='ltr'>deliberatione</span> <span class='ocrx_word' id='word_1_226' title='bbox 1318 2950 1524 2998; x_wconf 91' lang='lat' dir='ltr'>unanimi</span> <span class='ocrx_word' id='word_1_227' title='bbox 1557 2964 1784 2996; x_wconf 88' lang='lat' dir='ltr'>consensu</span> <span class='ocrx_word' id='word_1_228' title='bbox 1818 2948 2122 2996; x_wconf 88' lang='lat' dir='ltr'>statuentium</span> <span class='ocrx_word' id='word_1_229' title='bbox 2161 2954 2210 2997; x_wconf 91' lang='lat' dir='ltr'>et</span> <span class='ocrx_word' id='word_1_230' title='bbox 2244 2965 2352 2998; x_wconf 89' lang='grc'>000-</span> 
     </span>
     <span class='ocr_line' id='line_1_27' title="bbox 438 3035 2351 3105; baseline -0.004 -6"><span class='ocrx_word' id='word_1_231' title='bbox 438 3049 728 3099; x_wconf 86' lang='lat' dir='ltr'>cludentium</span> <span class='ocrx_word' id='word_1_232' title='bbox 774 3047 822 3093; x_wconf 92' lang='lat' dir='ltr'>in</span> <span class='ocrx_word' id='word_1_233' title='bbox 863 3045 1014 3092; x_wconf 88' lang='lat' dir='ltr'>forma</span> <span class='ocrx_word' id='word_1_234' title='bbox 1048 3057 1138 3105; x_wconf 87' lang='lat' dir='ltr'>que</span> <span class='ocrx_word' id='word_1_235' title='bbox 1185 3038 1396 3102; x_wconf 85' lang='lat' dir='ltr'>sequitur</span> <span class='ocrx_word' id='word_1_236' title='bbox 1444 3065 1453 3075; x_wconf 90' lang='lat'><strong>·</strong></span> <span class='ocrx_word' id='word_1_237' title='bbox 1503 3037 1660 3084; x_wconf 85' lang='lat' dir='ltr'>Primo</span> <span class='ocrx_word' id='word_1_238' title='bbox 1697 3037 1824 3099; x_wconf 82' lang='lat' dir='ltr'>quod</span> <span class='ocrx_word' id='word_1_239' title='bbox 1865 3035 2062 3099; x_wconf 67' lang='lat' dir='ltr'>quilibet</span> <span class='ocrx_word' id='word_1_240' title='bbox 2103 3038 2351 3085; x_wconf 75' lang='lat' dir='ltr'>canonieus</span> 
     </span>
     <span class='ocr_line' id='line_1_28' title="bbox 439 3123 2352 3200; baseline -0.005 -18"><span class='ocrx_word' id='word_1_241' title='bbox 439 3138 638 3188; x_wconf 70' lang='lat' dir='ltr'>ecclesie</span> <span class='ocrx_word' id='word_1_242' title='bbox 662 3135 874 3200; x_wconf 84' lang='lat' dir='ltr'>predicte</span> <span class='ocrx_word' id='word_1_243' title='bbox 900 3128 1232 3186; x_wconf 87' lang='lat' dir='ltr'>Breohinensis</span> <span class='ocrx_word' id='word_1_244' title='bbox 1251 3126 1578 3187; x_wconf 90' lang='lat' dir='ltr'>cuiuscumque</span> <span class='ocrx_word' id='word_1_245' title='bbox 1598 3123 1839 3185; x_wconf 86' lang='lat' dir='ltr'>dignitatis</span> <span class='ocrx_word' id='word_1_246' title='bbox 1863 3127 1945 3170; x_wconf 91' lang='lat' dir='ltr'>aut</span> <span class='ocrx_word' id='word_1_247' title='bbox 1968 3127 2121 3171; x_wconf 88' lang='lat' dir='ltr'>status</span> <span class='ocrx_word' id='word_1_248' title='bbox 2144 3124 2352 3172; x_wconf 85' lang='lat' dir='ltr'>existens</span> 
     </span>
     <span class='ocr_line' id='line_1_29' title="bbox 441 3209 2355 3287; baseline -0.01 -10"><span class='ocrx_word' id='word_1_249' title='bbox 441 3232 499 3277; x_wconf 86' lang='lat' dir='ltr'>de</span> <span class='ocrx_word' id='word_1_250' title='bbox 522 3227 632 3275; x_wconf 89' lang='lat' dir='ltr'>hinc</span> <span class='ocrx_word' id='word_1_251' title='bbox 656 3225 1000 3287; x_wconf 90' lang='lat' dir='ltr'>imperpetuum</span> <span class='ocrx_word' id='word_1_252' title='bbox 1025 3217 1271 3267; x_wconf 89' lang='lat' dir='ltr'>discedens</span> <span class='ocrx_word' id='word_1_253' title='bbox 1294 3214 1471 3261; x_wconf 90' lang='lat' dir='ltr'>habens</span> <span class='ocrx_word' id='word_1_254' title='bbox 1505 3211 1788 3259; x_wconf 87' lang='lat' dir='ltr'>mansionem</span> <span class='ocrx_word' id='word_1_255' title='bbox 1829 3210 1951 3258; x_wconf 84' lang='lat' dir='ltr'>infra</span> <span class='ocrx_word' id='word_1_256' title='bbox 1985 3209 2244 3258; x_wconf 88' lang='lat' dir='ltr'>clausuram</span> <span class='ocrx_word' id='word_1_257' title='bbox 2283 3228 2355 3258; x_wconf 90' lang='lat' dir='ltr'>re-</span> 
     </span>
     <span class='ocr_line' id='line_1_30' title="bbox 439 3298 2352 3381; baseline -0.012 -15"><span class='ocrx_word' id='word_1_258' title='bbox 439 3319 620 3381; x_wconf 88' lang='lat' dir='ltr'>linquet</span> <span class='ocrx_word' id='word_1_259' title='bbox 653 3315 704 3360; x_wconf 73' lang='lat' dir='ltr'>&#39;et</span> <span class='ocrx_word' id='word_1_260' title='bbox 742 3310 951 3358; x_wconf 89' lang='lat' dir='ltr'>dimittet</span> <span class='ocrx_word' id='word_1_261' title='bbox 975 3304 1195 3355; x_wconf 89' lang='lat' dir='ltr'>utensilia</span> <span class='ocrx_word' id='word_1_262' title='bbox 1230 3307 1278 3351; x_wconf 91' lang='lat' dir='ltr'>et</span> <span class='ocrx_word' id='word_1_263' title='bbox 1315 3299 1549 3349; x_wconf 86' lang='lat' dir='ltr'>domicilia</span> <span class='ocrx_word' id='word_1_264' title='bbox 1583 3300 1708 3347; x_wconf 85' lang='lat' dir='ltr'>dicte</span> <span class='ocrx_word' id='word_1_265' title='bbox 1742 3298 1973 3346; x_wconf 90' lang='lat' dir='ltr'>mansioni</span> <span class='ocrx_word' id='word_1_266' title='bbox 1996 3314 2078 3346; x_wconf 91' lang='lat' dir='ltr'>sue</span> <span class='ocrx_word' id='word_1_267' title='bbox 2102 3299 2352 3346; x_wconf 86' lang='lat' dir='ltr'>secundum</span> 
     </span>
    </p>
   </div>
  </div>
 </body>
</html>
