2950 3970
608 638 1074 698 REGISTRUM
1112 645 1646 701 EPISCOPATUS
1686 647 2270 703 BRECHINENSIS.
2325 648 2429 702 141

505 827 858 878 honorabilibus
895 831 1006 880 viris
1043 833 1128 881 viz.
1169 834 1388 883 Waltero
1427 836 1662 898 Lindesay
1701 837 1758 883 de
1800 834 2176 897 Kynblathmont
2214 834 2428 882 Waltero

505 915 690 979 Ogilwy
716 918 774 965 (16
799 918 1009 967 Beufurd
1036 921 1279 971 Willelmo
1305 923 1614 987 Ouchtirlony
1639 925 1696 971 de
1723 923 1867 986 Kelly
1894 924 2123 986 Magistro
2159 923 2428 970 Alexandro

506 1006 565 1078 de
591 1006 776 1053 Guthre
812 1006 971 1054 Dauid
1008 1009 1264 1073 Dempster
1301 1013 1358 1058 de
1397 1011 1735 1059 Carraldstoun
1771 1011 1951 1059 Thoma
1986 1012 2201 1059 Fentoun
2236 1012 2293 1058 de
2324 1010 2428 1072 Ogil

510 1093 754 1142 Willelmo
792 1095 850 1144 de
876 1096 1196 1146 Foulertoune
1223 1099 1437 1148 Roberto
1456 1101 1514 1147 de
1546 1099 1863 1147 Foulertoune
1886 1099 1915 1145 J
1924 1100 2106 1148 ohanne
2132 1099 2346 1162 Carnegy
2371 1100 2427 1145 de

508 1184 675 1231 eodem
713 1184 937 1232 ,1611611116
982 1187 1040 1234 (16
1083 1187 1393 1236 Crawmonde
1439 1187 1657 1236 Waltero
1699 1188 1913 1251 Carnegy
1951 1189 2008 1234 de
2047 1188 2229 1235 Gutbre
2271 1187 2426 1234 Dauid

511 1272 843 1321 Walterstoun
867 1275 925 1322 (16
950 1275 1115 1323 60(16111
1141 1275 1384 1324 Willelmo
1413 1277 1627 1339 Symmer
1662 1277 1719 1323 de
1757 1276 1988 1338 Balzordy
2024 1276 2181 1322 Dauid
2220 1274 2424 1322 Annand

510 1362 569 1409 de
607 1362 904 1426 Kynquhery
944 1363 1103 1411 Dauid
1141 1365 1344 1412 Moncur
1382 1365 1439 1412 de
1465 1365 1607 1428 Knap
1643 1365 1828 1412 Jacobo
1863 1363 2031 1427 Rynde
2056 1365 2112 1411 de
2138 1363 2430 1411 Broxmuthe

513 1451 717 1514 Georgio
742 1453 800 1499 de
826 1452 1192 1501 Strathauchine
1219 1454 1378 1501 Dauid
1405 1454 1721 1516 Fodringaym
1747 1454 1805 1500 de
1830 1453 1986 1515 Poury
2009 1453 2042 1499 J
2047 1452 2228 1499 ohanne
2264 1451 2428 1498 Cairn-

511 1555 641 1588 corss
665 1541 723 1587 de
749 1540 1118 1590 Balmaschenar
1142 1542 1351 1590 Henrico
1376 1543 1433 1589 de
1460 1542 1642 1604 Fethye
1667 1543 1724 1588 de
1750 1540 1973 1588 Ballesok
1997 1540 2203 1588 Patricio
2228 1540 2431 1587 Gardine

513 1629 572 1676 de
596 1630 761 1677 eodem
784 1630 819 1676 J
822 1630 970 1678 666116
996 1630 1181 1694 Ogilwy
1208 1630 1450 1678 Willelmo
1477 1631 1722 1678 Fentoune
1747 1612 1814 1677 (16
1830 1630 2042 1677 Cardane
2079 1629 2240 1676 Dauid
2265 1629 2431 1675 Fores-

513 1721 589 1765 ter
612 1722 661 1765 et
687 1717 963 1767 Alexandro
989 1718 1093 1766 Liel
1115 1719 1319 1767 testibus
1342 1719 1403 1766 ad
1426 1721 1654 1782 premissa
1677 1721 1855 1766 vocatis
1877 1717 2145 1780 specialiter
2178 1721 2227 1764 et
2261 1716 2435 1778 rogatis

514 1806 595 1870 qui
630 1822 741 1854 vero
775 1811 926 1855 testes
961 1806 1274 1870 personaliter
1308 1819 1469 1854 omnes
1502 1822 1642 1869 super
1675 1806 1869 1854 assisam
1904 1806 1952 1852 in
1987 1806 2114 1853 dicta
2138 1804 2434 1867 inquisitione

514 1895 776 1945 intererant
816 1925 826 1934 ·

584 1989 650 2035 Et
687 2002 774 2049 ego
814 1985 1088 2033 Alexander
1127 1985 1305 2032 Thome
1339 1984 1586 2047 presbyter
1620 1982 1949 2030 Brechinensis
1980 1981 2191 2029 dioecesis
2225 1979 2436 2043 publicus

516 2075 750 2141 imperiali
796 2074 1055 2123 autoritate
1101 2073 1314 2122 notarius
1357 2100 1366 2110 ·
1406 2101 1415 2110 -
1453 2100 1463 2110 ·
1501 2087 1657 2119 coram
1704 2071 1831 2118 dicto
1877 2069 2147 2117 vicecomite
2191 2095 2201 2106 ·
2245 2096 2255 2105 ·
2301 2094 2310 2105 ·
2351 2083 2435 2130 pro

515 2165 740 2215 tribunali
800 2165 995 2212 sedente
1034 2192 1043 2200 -
1084 2191 1093 2200 ·
1132 2191 1142 2200 ·
1178 2177 1370 2226 presens
1426 2159 1663 2223 publicum
1720 2159 2078 2207 instrumentum
2116 2185 2125 2194 ·
2166 2184 2175 2194 ·
2214 2185 2223 2193 -
2259 2155 2437 2202 confeci

571 2285 580 2293 -
620 2283 630 2292 ·
667 2254 800 2316 signo
839 2280 847 2290 ε
889 2281 898 2290 -
939 2280 949 2290 ·
987 2256 1035 2299 et
1071 2250 1412 2314 subscriptione
1449 2249 1564 2297 meis
1599 2248 1750 2296 solitis
1786 2275 1795 2284 ·
1835 2276 1844 2284 ·
1884 2275 1892 2283 ·
1929 2261 2126 2293 unacum
2150 2243 2300 2306 sigillo
2325 2243 2438 2289 dicti

511 2345 688 2408 judicis
722 2347 771 2391 et
806 2341 971 2404 sigillis
995 2340 1302 2404 quorumdam
1326 2338 1405 2401 qui
1430 2337 1554 2384 dicte
1579 2335 1869 2399 inquisitioni
1907 2335 2163 2381 intererant
2188 2331 2439 2379 communi-

518 2439 619 2482 tum
645 2437 693 2481 et
718 2430 974 2494 sigillatum
998 2429 1180 2492 signaui
1217 2456 1227 2465 ·
1267 2455 1275 2464 —
1315 2455 1324 2464 ·

588 2523 654 2571 Et
688 2537 775 2584 ego
811 2519 970 2566 Dauid
1012 2518 1205 2566 Andree
1237 2515 1484 2579 presbyter
1508 2512 1837 2560 Brechinensis
1875 2540 1883 2548 -
1923 2539 1932 2547 ·
1972 2538 1981 2548 ·
2017 2508 2244 2572 imperiali
2268 2507 2441 2555 autori-

519 2618 622 2662 tate
657 2611 871 2660 notarius
908 2639 918 2648 ·
957 2637 967 2647 ·
1006 2635 1016 2645 ·

470 2839 499 2866 >k-
523 2813 670 2861 Carta
707 2811 867 2859 Dauid
905 2809 1164 2871 Dempster
1201 2807 1258 2852 de
1301 2802 1605 2851 Ouehterless
1640 2815 1779 2863 super
1813 2797 2094 2845 alienatione
2117 2799 2344 2842 terrarum
2381 2793 2438 2838 de

524 2900 795 2966 Tempilhill
818 2901 876 2947 de
905 2897 1089 2946 Kethik
1127 2923 1137 2933 ·

435 3054 498 3102 '70
534 3025 804 3106 Omnibus
827 3058 949 3104 hanc
973 3057 1152 3102 cartam
1175 3050 1342 3100 visuris
1376 3047 1448 3096 vel
1482 3045 1711 3094 auditur1s
1743 3043 1901 3090 Dauid
1926 3041 2182 3103 Dempstar
2204 3040 2262 3085 de
2287 3038 2439 3085 011611-

521 3146 667 3196 terles
705 3175 714 3184 ·
754 3173 764 3183 ·
805 3173 814 3183 ·
853 3143 1052 3192 Nouerit
1100 3139 1384 3188 uniuersitas
1430 3139 1586 3183 vestra
1632 3149 1705 3180 me
1744 3160 1753 3169 ·
1793 3159 1802 3168 ·
1842 3159 1850 3167 -
1889 3129 2072 3176 dedisse
2111 3156 2120 3165 ·
2160 3155 2169 3164 ·
2208 3155 2217 3164 ·
2254 3130 2302 3173 et
2348 3126 2435 3171 hac

522 3235 730 3300 presenti
753 3238 887 3282 carta
910 3248 1015 3279 mea
1049 3247 1078 3278 a
1113 3245 1186 3276 me
1211 3231 1260 3275 et
1284 3224 1532 3273 heredibus
1560 3221 1677 3269 meis
1700 3220 2040 3282 imperpetuum
2063 3215 2292 3263 alienasse
2330 3241 2339 3250 ·
2378 3241 2388 3248 ·
2426 3241 2434 3249 -

525 3324 806 3372 Reuerendo
847 3320 971 3385 patri
1011 3348 1020 3357 ·
1060 3347 1068 3357 ·
1110 3347 1118 3356 ·
1157 3315 1344 3364 domino
1378 3313 1412 3359 J
1416 3310 1588 3361 ohanni
1617 3308 1835 3370 episcopo
1878 3303 2182 3352 Brechinensi
2218 3302 2436 3349 moderno
