<?xml version="1.0" encoding="UTF-8"?>
<!DOCTYPE html PUBLIC "-//W3C//DTD XHTML 1.0 Transitional//EN"
    "http://www.w3.org/TR/xhtml1/DTD/xhtml1-transitional.dtd">
<html xmlns="http://www.w3.org/1999/xhtml" xml:lang="en" lang="en">
 <head>
  <title>
</title>
<meta http-equiv="Content-Type" content="text/html;charset=utf-8" />
  <meta name='ocr-system' content='tesseract 3.04.00' />
  <meta name='ocr-capabilities' content='ocr_page ocr_carea ocr_par ocr_line ocrx_word'/>
</head>
<body>
  <div class='ocr_page' id='page_1' title='image "./registrumepiscop01brecuoft_0230.png"; bbox 0 0 2950 3970; ppageno 0'>
   <div class='ocr_carea' id='block_1_1' title="bbox 496 668 2343 725">
    <p class='ocr_par' dir='ltr' id='par_1_1' title="bbox 496 668 2343 725">
     <span class='ocr_line' id='line_1_1' title="bbox 496 668 2343 725; baseline 0 -1"><span class='ocrx_word' id='word_1_1' title='bbox 496 671 605 724; x_wconf 88' lang='grc'>118</span> <span class='ocrx_word' id='word_1_2' title='bbox 654 668 1120 725; x_wconf 83' lang='lat' dir='ltr'><strong>REGISTRUM</strong></span> <span class='ocrx_word' id='word_1_3' title='bbox 1158 669 1703 725; x_wconf 83' lang='lat' dir='ltr'>EPISCOPATUS</span> <span class='ocrx_word' id='word_1_4' title='bbox 1744 669 2343 725; x_wconf 81' lang='lat' dir='ltr'><strong>BREOHINENSIS.</strong></span> 
     </span>
    </p>
   </div>
   <div class='ocr_carea' id='block_1_2' title="bbox 466 858 2442 3222">
    <p class='ocr_par' dir='ltr' id='par_1_2' title="bbox 466 858 2442 2958">
     <span class='ocr_line' id='line_1_2' title="bbox 492 858 2427 923; baseline 0 -16"><span class='ocrx_word' id='word_1_5' title='bbox 492 860 701 907; x_wconf 89' lang='lat' dir='ltr'>monium</span> <span class='ocrx_word' id='word_1_6' title='bbox 724 858 878 922; x_wconf 89' lang='lat' dir='ltr'>sigilla</span> <span class='ocrx_word' id='word_1_7' title='bbox 907 859 1199 921; x_wconf 89' lang='lat' dir='ltr'>quorundam</span> <span class='ocrx_word' id='word_1_8' title='bbox 1224 858 1303 922; x_wconf 88' lang='lat' dir='ltr'>qui</span> <span class='ocrx_word' id='word_1_9' title='bbox 1329 858 1455 906; x_wconf 85' lang='lat' dir='ltr'>dicte</span> <span class='ocrx_word' id='word_1_10' title='bbox 1491 858 1747 921; x_wconf 79' lang='lat' dir='ltr'>cognitioni</span> <span class='ocrx_word' id='word_1_11' title='bbox 1783 859 2095 907; x_wconf 89' lang='lat' dir='ltr'>interfuerunt</span> <span class='ocrx_word' id='word_1_12' title='bbox 2130 860 2427 923; x_wconf 78' lang='lat' dir='ltr'>presentibus</span> 
     </span>
     <span class='ocr_line' id='line_1_3' title="bbox 494 946 2427 1012; baseline 0 -16"><span class='ocrx_word' id='word_1_13' title='bbox 494 953 603 996; x_wconf 90' lang='lat' dir='ltr'>sunt</span> <span class='ocrx_word' id='word_1_14' title='bbox 628 963 838 1011; x_wconf 89' lang='lat' dir='ltr'>appensa</span> <span class='ocrx_word' id='word_1_15' title='bbox 875 981 886 993; x_wconf 92' lang='lat'>.</span> <span class='ocrx_word' id='word_1_16' title='bbox 922 948 1049 995; x_wconf 89' lang='lat' dir='ltr'>Acta</span> <span class='ocrx_word' id='word_1_17' title='bbox 1066 951 1115 995; x_wconf 91' lang='lat' dir='ltr'>et</span> <span class='ocrx_word' id='word_1_18' title='bbox 1134 946 1248 994; x_wconf 90' lang='lat' dir='ltr'>data</span> <span class='ocrx_word' id='word_1_19' title='bbox 1271 946 1377 994; x_wconf 91' lang='lat' dir='ltr'>loco</span> <span class='ocrx_word' id='word_1_20' title='bbox 1394 946 1610 1010; x_wconf 89' lang='lat' dir='ltr'>predicto</span> <span class='ocrx_word' id='word_1_21' title='bbox 1629 946 1735 1008; x_wconf 86' lang='lat' dir='ltr'>xiij0</span> <span class='ocrx_word' id='word_1_22' title='bbox 1764 947 1840 994; x_wconf 89' lang='lat' dir='ltr'>die</span> <span class='ocrx_word' id='word_1_23' title='bbox 1859 947 2106 995; x_wconf 85' lang='lat' dir='ltr'>Februarii</span> <span class='ocrx_word' id='word_1_24' title='bbox 2129 965 2253 996; x_wconf 83' lang='lat' dir='ltr'>anno</span> <span class='ocrx_word' id='word_1_25' title='bbox 2276 950 2427 1012; x_wconf 87' lang='lat' dir='ltr'>gratie</span> 
     </span>
     <span class='ocr_line' id='line_1_4' title="bbox 494 1017 2430 1101; baseline 0.001 -18"><span class='ocrx_word' id='word_1_26' title='bbox 494 1037 743 1085; x_wconf 90' lang='lat' dir='ltr'>millesimo</span> <span class='ocrx_word' id='word_1_27' title='bbox 778 1017 860 1084; x_wconf 57' lang='lat' dir='ltr'>ccc</span> <span class='ocrx_word' id='word_1_28' title='bbox 894 1035 1188 1099; x_wconf 85' lang='lat' dir='ltr'>sexagesimo</span> <span class='ocrx_word' id='word_1_29' title='bbox 1222 1038 1392 1099; x_wconf 87' lang='lat' dir='ltr'>quarto</span> <span class='ocrx_word' id='word_1_30' title='bbox 1430 1063 1440 1072; x_wconf 89' lang='lat'><strong>·</strong></span> <span class='ocrx_word' id='word_1_31' title='bbox 1485 1036 1596 1084; x_wconf 86' lang='lat' dir='ltr'>Post</span> <span class='ocrx_word' id='word_1_32' title='bbox 1632 1051 1722 1098; x_wconf 92' lang='lat' dir='ltr'>que</span> <span class='ocrx_word' id='word_1_33' title='bbox 1758 1036 1917 1083; x_wconf 89' lang='lat' dir='ltr'>omnia</span> <span class='ocrx_word' id='word_1_34' title='bbox 1956 1039 2005 1084; x_wconf 88' lang='lat' dir='ltr'>et</span> <span class='ocrx_word' id='word_1_35' title='bbox 2051 1037 2235 1100; x_wconf 87' lang='lat' dir='ltr'>singula</span> <span class='ocrx_word' id='word_1_36' title='bbox 2269 1054 2430 1101; x_wconf 88' lang='lat' dir='ltr'>supra-</span> 
     </span>
     <span class='ocr_line' id='line_1_5' title="bbox 496 1124 2430 1189; baseline 0 -16"><span class='ocrx_word' id='word_1_37' title='bbox 496 1128 627 1174; x_wconf 89' lang='lat' dir='ltr'>dicta</span> <span class='ocrx_word' id='word_1_38' title='bbox 646 1124 747 1174; x_wconf 90' lang='lat' dir='ltr'>Nos</span> <span class='ocrx_word' id='word_1_39' title='bbox 762 1127 797 1173; x_wconf 92' lang='lat' dir='ltr'><strong>J</strong></span> <span class='ocrx_word' id='word_1_40' title='bbox 799 1126 976 1174; x_wconf 90' lang='lat' dir='ltr'>acobus</span> <span class='ocrx_word' id='word_1_41' title='bbox 996 1125 1262 1188; x_wconf 81' lang='lat' dir='ltr'>Episcopus</span> <span class='ocrx_word' id='word_1_42' title='bbox 1284 1124 1555 1172; x_wconf 88' lang='lat' dir='ltr'>antedictus</span> <span class='ocrx_word' id='word_1_43' title='bbox 1582 1139 1776 1187; x_wconf 83' lang='lat' dir='ltr'>presens</span> <span class='ocrx_word' id='word_1_44' title='bbox 1799 1127 2169 1188; x_wconf 90' lang='lat' dir='ltr'>transsumptum</span> <span class='ocrx_word' id='word_1_45' title='bbox 2194 1126 2430 1189; x_wconf 91' lang='lat' dir='ltr'>publicum</span> 
     </span>
     <span class='ocr_line' id='line_1_6' title="bbox 496 1211 2431 1278; baseline 0.001 -17"><span class='ocrx_word' id='word_1_46' title='bbox 496 1231 601 1262; x_wconf 86' lang='lat' dir='ltr'>cum</span> <span class='ocrx_word' id='word_1_47' title='bbox 639 1214 754 1277; x_wconf 89' lang='lat' dir='ltr'>ipsis</span> <span class='ocrx_word' id='word_1_48' title='bbox 790 1214 932 1262; x_wconf 90' lang='lat' dir='ltr'>dictis</span> <span class='ocrx_word' id='word_1_49' title='bbox 965 1213 1117 1278; x_wconf 87' lang='lat' dir='ltr'>literis</span> <span class='ocrx_word' id='word_1_50' title='bbox 1154 1212 1458 1276; x_wconf 84' lang='lat' dir='ltr'>originalibus</span> <span class='ocrx_word' id='word_1_51' title='bbox 1493 1211 1744 1276; x_wconf 89' lang='lat' dir='ltr'>diligenter</span> <span class='ocrx_word' id='word_1_52' title='bbox 1783 1211 2008 1260; x_wconf 90' lang='lat' dir='ltr'>ascultari</span> <span class='ocrx_word' id='word_1_53' title='bbox 2046 1213 2347 1262; x_wconf 90' lang='lat' dir='ltr'>collacionari</span> <span class='ocrx_word' id='word_1_54' title='bbox 2383 1219 2431 1263; x_wconf 90' lang='lat' dir='ltr'>et</span> 
     </span>
     <span class='ocr_line' id='line_1_7' title="bbox 497 1299 2432 1365; baseline 0 -14"><span class='ocrx_word' id='word_1_55' title='bbox 497 1303 773 1351; x_wconf 88' lang='lat' dir='ltr'>concordari</span> <span class='ocrx_word' id='word_1_56' title='bbox 806 1302 1004 1350; x_wconf 80' lang='lat' dir='ltr'>fecimus</span> <span class='ocrx_word' id='word_1_57' title='bbox 1039 1329 1051 1338; x_wconf 91' lang='lat'><strong>·</strong></span> <span class='ocrx_word' id='word_1_58' title='bbox 1089 1302 1156 1350; x_wconf 92' lang='lat' dir='ltr'>Et</span> <span class='ocrx_word' id='word_1_59' title='bbox 1188 1301 1382 1349; x_wconf 89' lang='lat' dir='ltr'>tandem</span> <span class='ocrx_word' id='word_1_60' title='bbox 1417 1300 1529 1365; x_wconf 92' lang='lat' dir='ltr'>quia</span> <span class='ocrx_word' id='word_1_61' title='bbox 1559 1304 1667 1364; x_wconf 88' lang='lat' dir='ltr'>post</span> <span class='ocrx_word' id='word_1_62' title='bbox 1699 1299 1971 1363; x_wconf 76' lang='lat' dir='ltr'>diligentem</span> <span class='ocrx_word' id='word_1_63' title='bbox 2008 1302 2347 1365; x_wconf 83' lang='lat' dir='ltr'>inspectionem</span> <span class='ocrx_word' id='word_1_64' title='bbox 2384 1308 2432 1351; x_wconf 92' lang='lat' dir='ltr'>et</span> 
     </span>
     <span class='ocr_line' id='line_1_8' title="bbox 494 1390 2434 1456; baseline 0.001 -17"><span class='ocrx_word' id='word_1_65' title='bbox 494 1392 856 1440; x_wconf 88' lang='lat' dir='ltr'>ascultationem</span> <span class='ocrx_word' id='word_1_66' title='bbox 875 1390 1187 1454; x_wconf 88' lang='lat' dir='ltr'>comperimus</span> <span class='ocrx_word' id='word_1_67' title='bbox 1210 1405 1404 1453; x_wconf 86' lang='lat' dir='ltr'>presens</span> <span class='ocrx_word' id='word_1_68' title='bbox 1426 1393 1798 1452; x_wconf 86' lang='lat' dir='ltr'>transsumptum</span> <span class='ocrx_word' id='word_1_69' title='bbox 1825 1405 1931 1436; x_wconf 91' lang='lat' dir='ltr'>cum</span> <span class='ocrx_word' id='word_1_70' title='bbox 1957 1390 2098 1439; x_wconf 87' lang='lat' dir='ltr'>dictis</span> <span class='ocrx_word' id='word_1_71' title='bbox 2121 1390 2273 1440; x_wconf 89' lang='lat' dir='ltr'>literis</span> <span class='ocrx_word' id='word_1_72' title='bbox 2296 1393 2434 1456; x_wconf 91' lang='lat' dir='ltr'>origi-</span> 
     </span>
     <span class='ocr_line' id='line_1_9' title="bbox 496 1477 2435 1543; baseline 0.001 -16"><span class='ocrx_word' id='word_1_73' title='bbox 496 1481 682 1528; x_wconf 85' lang='lat' dir='ltr'>nalibus</span> <span class='ocrx_word' id='word_1_74' title='bbox 705 1480 753 1527; x_wconf 92' lang='lat' dir='ltr'>in</span> <span class='ocrx_word' id='word_1_75' title='bbox 779 1479 995 1528; x_wconf 88' lang='lat' dir='ltr'>omnibus</span> <span class='ocrx_word' id='word_1_76' title='bbox 1020 1483 1068 1527; x_wconf 88' lang='lat' dir='ltr'>et</span> <span class='ocrx_word' id='word_1_77' title='bbox 1091 1494 1177 1542; x_wconf 87' lang='lat' dir='ltr'>per</span> <span class='ocrx_word' id='word_1_78' title='bbox 1201 1478 1358 1526; x_wconf 91' lang='lat' dir='ltr'>omnia</span> <span class='ocrx_word' id='word_1_79' title='bbox 1381 1477 1668 1526; x_wconf 91' lang='lat' dir='ltr'>concordare</span> <span class='ocrx_word' id='word_1_80' title='bbox 1691 1481 1741 1525; x_wconf 90' lang='lat' dir='ltr'>et</span> <span class='ocrx_word' id='word_1_81' title='bbox 1765 1477 1814 1525; x_wconf 90' lang='lat' dir='ltr'>in</span> <span class='ocrx_word' id='word_1_82' title='bbox 1837 1477 1967 1526; x_wconf 88' lang='lat' dir='ltr'>nullo</span> <span class='ocrx_word' id='word_1_83' title='bbox 1991 1479 2257 1543; x_wconf 84' lang='lat' dir='ltr'>discrepare</span> <span class='ocrx_word' id='word_1_84' title='bbox 2308 1509 2318 1519; x_wconf 92' lang='lat'><strong>·</strong></span> <span class='ocrx_word' id='word_1_85' title='bbox 2355 1483 2435 1529; x_wconf 92' lang='lat' dir='ltr'>Id-</span> 
     </span>
     <span class='ocr_line' id='line_1_10' title="bbox 498 1567 2436 1634; baseline 0.001 -18"><span class='ocrx_word' id='word_1_86' title='bbox 498 1571 624 1617; x_wconf 88' lang='lat' dir='ltr'>circo</span> <span class='ocrx_word' id='word_1_87' title='bbox 657 1568 944 1617; x_wconf 86' lang='lat' dir='ltr'>auctoritate</span> <span class='ocrx_word' id='word_1_88' title='bbox 975 1583 1069 1631; x_wconf 88' lang='lat' dir='ltr'>qua</span> <span class='ocrx_word' id='word_1_89' title='bbox 1101 1567 1337 1630; x_wconf 89' lang='lat' dir='ltr'>fungimur</span> <span class='ocrx_word' id='word_1_90' title='bbox 1359 1567 1408 1614; x_wconf 90' lang='lat' dir='ltr'>in</span> <span class='ocrx_word' id='word_1_91' title='bbox 1431 1567 1521 1614; x_wconf 89' lang='lat' dir='ltr'>hac</span> <span class='ocrx_word' id='word_1_92' title='bbox 1544 1570 1681 1630; x_wconf 87' lang='lat' dir='ltr'>parte</span> <span class='ocrx_word' id='word_1_93' title='bbox 1707 1567 2001 1616; x_wconf 89' lang='lat' dir='ltr'>decreuimus</span> <span class='ocrx_word' id='word_1_94' title='bbox 2038 1597 2047 1605; x_wconf 92' lang='lat'>-</span> <span class='ocrx_word' id='word_1_95' title='bbox 2087 1597 2096 1606; x_wconf 93' lang='lat'>-</span> <span class='ocrx_word' id='word_1_96' title='bbox 2137 1597 2146 1606; x_wconf 93' lang='lat'><strong>·</strong></span> <span class='ocrx_word' id='word_1_97' title='bbox 2184 1571 2307 1632; x_wconf 92' lang='lat' dir='ltr'>quod</span> <span class='ocrx_word' id='word_1_98' title='bbox 2331 1587 2436 1634; x_wconf 90' lang='lat' dir='ltr'>pre—</span> 
     </span>
     <span class='ocr_line' id='line_1_11' title="bbox 498 1655 2434 1720; baseline 0 -14"><span class='ocrx_word' id='word_1_99' title='bbox 498 1659 622 1706; x_wconf 83' lang='lat' dir='ltr'>senti</span> <span class='ocrx_word' id='word_1_100' title='bbox 657 1660 978 1719; x_wconf 91' lang='lat' dir='ltr'>transsumpto</span> <span class='ocrx_word' id='word_1_101' title='bbox 1018 1655 1207 1719; x_wconf 91' lang='lat' dir='ltr'>publico</span> <span class='ocrx_word' id='word_1_102' title='bbox 1247 1660 1474 1719; x_wconf 81' lang='lat' dir='ltr'>tanquam</span> <span class='ocrx_word' id='word_1_103' title='bbox 1499 1655 1774 1718; x_wconf 89' lang='lat' dir='ltr'>prescriptis</span> <span class='ocrx_word' id='word_1_104' title='bbox 1808 1655 1961 1704; x_wconf 88' lang='lat' dir='ltr'>literis</span> <span class='ocrx_word' id='word_1_105' title='bbox 1984 1657 2287 1720; x_wconf 86' lang='lat' dir='ltr'>originalibus</span> <span class='ocrx_word' id='word_1_106' title='bbox 2327 1688 2335 1696; x_wconf 93' lang='lat'><strong>·</strong></span> <span class='ocrx_word' id='word_1_107' title='bbox 2376 1689 2384 1696; x_wconf 88' lang='lat'><strong>·</strong></span> <span class='ocrx_word' id='word_1_108' title='bbox 2426 1689 2434 1696; x_wconf 89' lang='lat'><strong>·</strong></span> 
     </span>
     <span class='ocr_line' id='line_1_12' title="bbox 499 1743 2436 1810; baseline 0.001 -16"><span class='ocrx_word' id='word_1_109' title='bbox 499 1747 671 1794; x_wconf 88' lang='lat' dir='ltr'>merito</span> <span class='ocrx_word' id='word_1_110' title='bbox 709 1774 718 1783; x_wconf 87' lang='lat'><strong>·</strong></span> <span class='ocrx_word' id='word_1_111' title='bbox 759 1775 768 1783; x_wconf 90' lang='lat'><em>-</em></span> <span class='ocrx_word' id='word_1_112' title='bbox 810 1774 818 1783; x_wconf 92' lang='lat'><strong>·</strong></span> <span class='ocrx_word' id='word_1_113' title='bbox 857 1745 1028 1792; x_wconf 88' lang='lat' dir='ltr'>debeat</span> <span class='ocrx_word' id='word_1_114' title='bbox 1052 1743 1193 1807; x_wconf 89' lang='lat' dir='ltr'>plena</span> <span class='ocrx_word' id='word_1_115' title='bbox 1232 1772 1241 1781; x_wconf 92' lang='lat'><strong>·</strong></span> <span class='ocrx_word' id='word_1_116' title='bbox 1283 1771 1292 1780; x_wconf 91' lang='lat'><strong>·</strong></span> <span class='ocrx_word' id='word_1_117' title='bbox 1335 1772 1344 1780; x_wconf 93' lang='lat'><em>-</em></span> <span class='ocrx_word' id='word_1_118' title='bbox 1380 1744 1497 1792; x_wconf 89' lang='lat' dir='ltr'>fides</span> <span class='ocrx_word' id='word_1_119' title='bbox 1524 1743 1738 1792; x_wconf 90' lang='lat' dir='ltr'>adhiberi</span> <span class='ocrx_word' id='word_1_120' title='bbox 1762 1760 1819 1792; x_wconf 90' lang='lat' dir='ltr'>ac</span> <span class='ocrx_word' id='word_1_121' title='bbox 1842 1744 1955 1793; x_wconf 90' lang='lat' dir='ltr'>talis</span> <span class='ocrx_word' id='word_1_122' title='bbox 1978 1750 2027 1792; x_wconf 88' lang='lat' dir='ltr'>et</span> <span class='ocrx_word' id='word_1_123' title='bbox 2050 1749 2188 1794; x_wconf 91' lang='lat' dir='ltr'>tanta</span> <span class='ocrx_word' id='word_1_124' title='bbox 2211 1747 2363 1810; x_wconf 92' lang='lat' dir='ltr'>qualis</span> <span class='ocrx_word' id='word_1_125' title='bbox 2387 1753 2436 1796; x_wconf 86' lang='lat' dir='ltr'>et</span> 
     </span>
     <span class='ocr_line' id='line_1_13' title="bbox 501 1831 2436 1899; baseline 0.001 -16"><span class='ocrx_word' id='word_1_126' title='bbox 501 1839 679 1899; x_wconf 86' lang='lat' dir='ltr'>quanta</span> <span class='ocrx_word' id='word_1_127' title='bbox 703 1834 844 1882; x_wconf 87' lang='lat' dir='ltr'>dictis</span> <span class='ocrx_word' id='word_1_128' title='bbox 879 1833 1030 1881; x_wconf 88' lang='lat' dir='ltr'>literis</span> <span class='ocrx_word' id='word_1_129' title='bbox 1053 1831 1356 1895; x_wconf 88' lang='lat' dir='ltr'>originalibus</span> <span class='ocrx_word' id='word_1_130' title='bbox 1390 1832 1643 1880; x_wconf 84' lang='lat' dir='ltr'>adhibetur</span> <span class='ocrx_word' id='word_1_131' title='bbox 1680 1861 1689 1870; x_wconf 92' lang='lat'><strong>·</strong></span> <span class='ocrx_word' id='word_1_132' title='bbox 1730 1862 1739 1870; x_wconf 93' lang='lat'>-</span> <span class='ocrx_word' id='word_1_133' title='bbox 1779 1861 1789 1870; x_wconf 91' lang='lat'><strong>·</strong></span> <span class='ocrx_word' id='word_1_134' title='bbox 1829 1833 1888 1880; x_wconf 90' lang='lat' dir='ltr'>In</span> <span class='ocrx_word' id='word_1_135' title='bbox 1924 1851 2119 1898; x_wconf 87' lang='lat' dir='ltr'>quorum</span> <span class='ocrx_word' id='word_1_136' title='bbox 2145 1837 2351 1884; x_wconf 91' lang='lat' dir='ltr'>omnium</span> <span class='ocrx_word' id='word_1_137' title='bbox 2387 1842 2436 1886; x_wconf 86' lang='lat' dir='ltr'>et</span> 
     </span>
     <span class='ocr_line' id='line_1_14' title="bbox 500 1920 2435 1988; baseline -0.001 -15"><span class='ocrx_word' id='word_1_138' title='bbox 500 1923 789 1987; x_wconf 89' lang='lat' dir='ltr'>singulorum</span> <span class='ocrx_word' id='word_1_139' title='bbox 831 1923 970 1969; x_wconf 90' lang='lat' dir='ltr'>fidem</span> <span class='ocrx_word' id='word_1_140' title='bbox 1010 1925 1060 1969; x_wconf 91' lang='lat' dir='ltr'>et</span> <span class='ocrx_word' id='word_1_141' title='bbox 1097 1920 1421 1970; x_wconf 88' lang='lat' dir='ltr'>testimonium</span> <span class='ocrx_word' id='word_1_142' title='bbox 1461 1920 1552 1969; x_wconf 90' lang='lat' dir='ltr'>hoc</span> <span class='ocrx_word' id='word_1_143' title='bbox 1594 1950 1604 1958; x_wconf 90' lang='lat'><strong>·</strong></span> <span class='ocrx_word' id='word_1_144' title='bbox 1650 1950 1659 1958; x_wconf 92' lang='lat'>-</span> <span class='ocrx_word' id='word_1_145' title='bbox 1707 1950 1716 1958; x_wconf 93' lang='lat'><strong>·</strong></span> <span class='ocrx_word' id='word_1_146' title='bbox 1760 1926 2108 1986; x_wconf 87' lang='lat' dir='ltr'>transumptum</span> <span class='ocrx_word' id='word_1_147' title='bbox 2148 1952 2158 1960; x_wconf 90' lang='lat'><strong>·</strong></span> <span class='ocrx_word' id='word_1_148' title='bbox 2198 1953 2206 1962; x_wconf 88' lang='lat'><strong>·</strong></span> <span class='ocrx_word' id='word_1_149' title='bbox 2249 1953 2259 1962; x_wconf 92' lang='lat'><strong>·</strong></span> <span class='ocrx_word' id='word_1_150' title='bbox 2295 1925 2435 1988; x_wconf 86' lang='lat' dir='ltr'>sigilli</span> 
     </span>
     <span class='ocr_line' id='line_1_15' title="bbox 502 2009 2439 2076; baseline 0.002 -16"><span class='ocrx_word' id='word_1_151' title='bbox 502 2012 652 2061; x_wconf 86' lang='lat' dir='ltr'>nostri</span> <span class='ocrx_word' id='word_1_152' title='bbox 676 2010 906 2059; x_wconf 86' lang='lat' dir='ltr'>autentici</span> <span class='ocrx_word' id='word_1_153' title='bbox 923 2009 1149 2072; x_wconf 89' lang='lat' dir='ltr'>jussimus</span> <span class='ocrx_word' id='word_1_154' title='bbox 1173 2013 1222 2057; x_wconf 89' lang='lat' dir='ltr'>et</span> <span class='ocrx_word' id='word_1_155' title='bbox 1245 2009 1442 2057; x_wconf 85' lang='lat' dir='ltr'>fecimus</span> <span class='ocrx_word' id='word_1_156' title='bbox 1458 2010 1746 2072; x_wconf 88' lang='lat' dir='ltr'>appensione</span> <span class='ocrx_word' id='word_1_157' title='bbox 1770 2011 2046 2058; x_wconf 91' lang='lat' dir='ltr'>communiri</span> <span class='ocrx_word' id='word_1_158' title='bbox 2084 2040 2094 2049; x_wconf 89' lang='lat'><strong>·</strong></span> <span class='ocrx_word' id='word_1_159' title='bbox 2132 2014 2273 2076; x_wconf 90' lang='lat' dir='ltr'>Apud</span> <span class='ocrx_word' id='word_1_160' title='bbox 2292 2015 2439 2063; x_wconf 87' lang='lat' dir='ltr'>Sanc-</span> 
     </span>
     <span class='ocr_line' id='line_1_16' title="bbox 503 2097 2439 2152; baseline 0.002 -3"><span class='ocrx_word' id='word_1_161' title='bbox 503 2101 830 2149; x_wconf 87' lang='lat' dir='ltr'>tumandream</span> <span class='ocrx_word' id='word_1_162' title='bbox 854 2099 903 2146; x_wconf 90' lang='lat' dir='ltr'>in</span> <span class='ocrx_word' id='word_1_163' title='bbox 925 2097 1031 2146; x_wconf 93' lang='lat' dir='ltr'>loco</span> <span class='ocrx_word' id='word_1_164' title='bbox 1054 2101 1217 2146; x_wconf 89' lang='lat' dir='ltr'>nostro</span> <span class='ocrx_word' id='word_1_165' title='bbox 1235 2097 1549 2146; x_wconf 87' lang='lat' dir='ltr'>consistoriali</span> <span class='ocrx_word' id='word_1_166' title='bbox 1564 2102 1790 2146; x_wconf 86' lang='lat' dir='ltr'>consueto</span> <span class='ocrx_word' id='word_1_167' title='bbox 1806 2099 1990 2146; x_wconf 88' lang='lat' dir='ltr'>decima</span> <span class='ocrx_word' id='word_1_168' title='bbox 2006 2104 2147 2149; x_wconf 86' lang='lat' dir='ltr'>sexta</span> <span class='ocrx_word' id='word_1_169' title='bbox 2164 2101 2240 2149; x_wconf 89' lang='lat' dir='ltr'>die</span> <span class='ocrx_word' id='word_1_170' title='bbox 2265 2105 2439 2152; x_wconf 90' lang='lat' dir='ltr'>mensis</span> 
     </span>
     <span class='ocr_line' id='line_1_17' title="bbox 509 2185 2439 2252; baseline 0.003 -16"><span class='ocrx_word' id='word_1_171' title='bbox 509 2190 626 2237; x_wconf 86' lang='lat' dir='ltr'>Maii</span> <span class='ocrx_word' id='word_1_172' title='bbox 649 2205 773 2236; x_wconf 91' lang='lat' dir='ltr'>anno</span> <span class='ocrx_word' id='word_1_173' title='bbox 798 2187 992 2235; x_wconf 91' lang='lat' dir='ltr'>Domini</span> <span class='ocrx_word' id='word_1_174' title='bbox 1026 2185 1275 2234; x_wconf 91' lang='lat' dir='ltr'>millesimo</span> <span class='ocrx_word' id='word_1_175' title='bbox 1298 2186 1759 2249; x_wconf 88' lang='lat' dir='ltr'>quadringentesimo</span> <span class='ocrx_word' id='word_1_176' title='bbox 1794 2189 2150 2252; x_wconf 86' lang='lat' dir='ltr'>quadragesimo</span> <span class='ocrx_word' id='word_1_177' title='bbox 2185 2195 2356 2240; x_wconf 91' lang='lat' dir='ltr'>octauo</span> <span class='ocrx_word' id='word_1_178' title='bbox 2390 2198 2439 2241; x_wconf 89' lang='lat' dir='ltr'>et</span> 
     </span>
     <span class='ocr_line' id='line_1_18' title="bbox 505 2274 2440 2329; baseline 0.002 -4"><span class='ocrx_word' id='word_1_179' title='bbox 505 2276 873 2327; x_wconf 87' lang='lat' dir='ltr'>consecrationis</span> <span class='ocrx_word' id='word_1_180' title='bbox 906 2279 1067 2323; x_wconf 87' lang='lat' dir='ltr'>nostre</span> <span class='ocrx_word' id='word_1_181' title='bbox 1103 2290 1227 2322; x_wconf 90' lang='lat' dir='ltr'>anno</span> <span class='ocrx_word' id='word_1_182' title='bbox 1263 2274 1446 2322; x_wconf 90' lang='lat' dir='ltr'>decimo</span> <span class='ocrx_word' id='word_1_183' title='bbox 1484 2303 1494 2312; x_wconf 92' lang='lat'><strong>·</strong></span> <span class='ocrx_word' id='word_1_184' title='bbox 1532 2275 1838 2324; x_wconf 88' lang='lat' dir='ltr'>Presentibus</span> <span class='ocrx_word' id='word_1_185' title='bbox 1877 2276 2112 2326; x_wconf 91' lang='lat' dir='ltr'>nobilibus</span> <span class='ocrx_word' id='word_1_186' title='bbox 2152 2283 2202 2326; x_wconf 89' lang='lat' dir='ltr'>et</span> <span class='ocrx_word' id='word_1_187' title='bbox 2248 2296 2440 2329; x_wconf 84' lang='lat' dir='ltr'>venera-</span> 
     </span>
     <span class='ocr_line' id='line_1_19' title="bbox 505 2362 2438 2430; baseline 0.002 -16"><span class='ocrx_word' id='word_1_188' title='bbox 505 2367 675 2414; x_wconf 88' lang='lat' dir='ltr'>bilibus</span> <span class='ocrx_word' id='word_1_189' title='bbox 699 2365 810 2413; x_wconf 88' lang='lat' dir='ltr'>viris</span> <span class='ocrx_word' id='word_1_190' title='bbox 845 2379 902 2412; x_wconf 91' lang='lat' dir='ltr'>ac</span> <span class='ocrx_word' id='word_1_191' title='bbox 925 2363 1172 2426; x_wconf 89' lang='lat' dir='ltr'>magnifico</span> <span class='ocrx_word' id='word_1_192' title='bbox 1205 2362 1416 2426; x_wconf 90' lang='lat' dir='ltr'>principe</span> <span class='ocrx_word' id='word_1_193' title='bbox 1449 2362 1639 2410; x_wconf 92' lang='lat' dir='ltr'>domino</span> <span class='ocrx_word' id='word_1_194' title='bbox 1674 2364 1879 2426; x_wconf 90' lang='lat' dir='ltr'>Georgio</span> <span class='ocrx_word' id='word_1_195' title='bbox 1915 2366 1973 2412; x_wconf 91' lang='lat' dir='ltr'>de</span> <span class='ocrx_word' id='word_1_196' title='bbox 1998 2365 2225 2430; x_wconf 86' lang='lat' dir='ltr'>Dowglas</span> <span class='ocrx_word' id='word_1_197' title='bbox 2266 2370 2438 2418; x_wconf 88' lang='lat' dir='ltr'>comite</span> 
     </span>
     <span class='ocr_line' id='line_1_20' title="bbox 506 2451 2438 2517; baseline 0.003 -15"><span class='ocrx_word' id='word_1_198' title='bbox 506 2458 562 2502; x_wconf 92' lang='lat' dir='ltr'>de</span> <span class='ocrx_word' id='word_1_199' title='bbox 604 2457 767 2517; x_wconf 90' lang='lat' dir='ltr'>Angus</span> <span class='ocrx_word' id='word_1_200' title='bbox 807 2452 1052 2515; x_wconf 88' lang='lat' dir='ltr'>Magistris</span> <span class='ocrx_word' id='word_1_201' title='bbox 1086 2456 1135 2499; x_wconf 90' lang='lat' dir='ltr'>et</span> <span class='ocrx_word' id='word_1_202' title='bbox 1171 2451 1372 2500; x_wconf 90' lang='lat' dir='ltr'>dominis</span> <span class='ocrx_word' id='word_1_203' title='bbox 1401 2451 1436 2497; x_wconf 85' lang='lat' dir='ltr'><strong>J</strong></span> <span class='ocrx_word' id='word_1_204' title='bbox 1440 2452 1624 2499; x_wconf 90' lang='lat' dir='ltr'>ohanne</span> <span class='ocrx_word' id='word_1_205' title='bbox 1660 2451 1855 2501; x_wconf 88' lang='lat' dir='ltr'>Feldew</span> <span class='ocrx_word' id='word_1_206' title='bbox 1895 2458 2078 2502; x_wconf 86' lang='lat' dir='ltr'>rectore</span> <span class='ocrx_word' id='word_1_207' title='bbox 2115 2457 2438 2508; x_wconf 87' lang='lat' dir='ltr'>uniuersitatis</span> 
     </span>
     <span class='ocr_line' id='line_1_21' title="bbox 508 2538 2440 2603; baseline 0.002 -12"><span class='ocrx_word' id='word_1_208' title='bbox 508 2543 846 2591; x_wconf 88' lang='lat' dir='ltr'>Sanctiandree</span> <span class='ocrx_word' id='word_1_209' title='bbox 880 2541 914 2588; x_wconf 79' lang='lat' dir='ltr'>‚J</span> <span class='ocrx_word' id='word_1_210' title='bbox 918 2541 1101 2588; x_wconf 87' lang='lat' dir='ltr'>ohanne</span> <span class='ocrx_word' id='word_1_211' title='bbox 1127 2540 1336 2589; x_wconf 89' lang='lat' dir='ltr'>Scheues</span> <span class='ocrx_word' id='word_1_212' title='bbox 1359 2538 1547 2588; x_wconf 88' lang='lat' dir='ltr'>officiali</span> <span class='ocrx_word' id='word_1_213' title='bbox 1570 2543 1734 2588; x_wconf 90' lang='lat' dir='ltr'>nostro</span> <span class='ocrx_word' id='word_1_214' title='bbox 1757 2541 1964 2603; x_wconf 89' lang='lat' dir='ltr'>generali</span> <span class='ocrx_word' id='word_1_215' title='bbox 1997 2543 2032 2589; x_wconf 89' lang='lat' dir='ltr'><strong>J</strong></span> <span class='ocrx_word' id='word_1_216' title='bbox 2035 2543 2219 2592; x_wconf 89' lang='lat' dir='ltr'>ohanne</span> <span class='ocrx_word' id='word_1_217' title='bbox 2256 2546 2440 2595; x_wconf 92' lang='lat' dir='ltr'>Betone</span> 
     </span>
     <span class='ocr_line' id='line_1_22' title="bbox 466 2627 2442 2693; baseline 0.003 -15"><span class='ocrx_word' id='word_1_218' title='bbox 466 2683 475 2693; x_wconf 30' lang='grc' dir='ltr'><strong>ι</strong></span> <span class='ocrx_word' id='word_1_219' title='bbox 510 2635 704 2680; x_wconf 88' lang='lat' dir='ltr'>doctore</span> <span class='ocrx_word' id='word_1_220' title='bbox 739 2631 787 2678; x_wconf 91' lang='lat' dir='ltr'>in</span> <span class='ocrx_word' id='word_1_221' title='bbox 824 2634 1023 2693; x_wconf 89' lang='lat' dir='ltr'>utroque</span> <span class='ocrx_word' id='word_1_222' title='bbox 1053 2629 1160 2690; x_wconf 87' lang='lat' dir='ltr'>jure</span> <span class='ocrx_word' id='word_1_223' title='bbox 1194 2628 1228 2674; x_wconf 88' lang='lat' dir='ltr'><strong>J</strong></span> <span class='ocrx_word' id='word_1_224' title='bbox 1231 2629 1416 2676; x_wconf 86' lang='lat' dir='ltr'>ohanne</span> <span class='ocrx_word' id='word_1_225' title='bbox 1453 2627 1648 2690; x_wconf 85' lang='lat' dir='ltr'>Olyfant</span> <span class='ocrx_word' id='word_1_226' title='bbox 1685 2630 1743 2676; x_wconf 92' lang='lat' dir='ltr'>de</span> <span class='ocrx_word' id='word_1_227' title='bbox 1777 2629 1923 2692; x_wconf 85' lang='lat' dir='ltr'>Kelly</span> <span class='ocrx_word' id='word_1_228' title='bbox 1960 2631 2169 2681; x_wconf 90' lang='lat' dir='ltr'>Henrico</span> <span class='ocrx_word' id='word_1_229' title='bbox 2195 2635 2442 2685; x_wconf 87' lang='lat' dir='ltr'>Wardlaw</span> 
     </span>
     <span class='ocr_line' id='line_1_23' title="bbox 507 2716 2441 2787; baseline 0.002 -19"><span class='ocrx_word' id='word_1_230' title='bbox 507 2722 564 2768; x_wconf 89' lang='lat' dir='ltr'>de</span> <span class='ocrx_word' id='word_1_231' title='bbox 591 2720 778 2767; x_wconf 93' lang='lat' dir='ltr'>Wilton</span> <span class='ocrx_word' id='word_1_232' title='bbox 819 2719 1032 2766; x_wconf 87' lang='lat' dir='ltr'>Roberto</span> <span class='ocrx_word' id='word_1_233' title='bbox 1058 2718 1296 2765; x_wconf 88' lang='lat' dir='ltr'>Grahame</span> <span class='ocrx_word' id='word_1_234' title='bbox 1320 2717 1379 2764; x_wconf 91' lang='lat' dir='ltr'>de</span> <span class='ocrx_word' id='word_1_235' title='bbox 1416 2716 1645 2766; x_wconf 86' lang='lat' dir='ltr'>Ewisdail</span> <span class='ocrx_word' id='word_1_236' title='bbox 1672 2717 1880 2765; x_wconf 91' lang='lat' dir='ltr'>Ricardo</span> <span class='ocrx_word' id='word_1_237' title='bbox 1917 2719 2081 2767; x_wconf 83' lang='lat' dir='ltr'>Lovell</span> <span class='ocrx_word' id='word_1_238' title='bbox 2105 2722 2163 2769; x_wconf 90' lang='lat' dir='ltr'>de</span> <span class='ocrx_word' id='word_1_239' title='bbox 2189 2723 2441 2787; x_wconf 79' lang='lat' dir='ltr'>Ballumby</span> 
     </span>
     <span class='ocr_line' id='line_1_24' title="bbox 506 2804 2440 2875; baseline 0.002 -19"><span class='ocrx_word' id='word_1_240' title='bbox 506 2810 539 2856; x_wconf 86' lang='lat' dir='ltr'><strong>J</strong></span> <span class='ocrx_word' id='word_1_241' title='bbox 544 2810 726 2856; x_wconf 89' lang='lat' dir='ltr'>ohanne</span> <span class='ocrx_word' id='word_1_242' title='bbox 776 2807 1095 2869; x_wconf 82' lang='lat' dir='ltr'>Lummysden</span> <span class='ocrx_word' id='word_1_243' title='bbox 1142 2807 1200 2853; x_wconf 91' lang='lat' dir='ltr'>de</span> <span class='ocrx_word' id='word_1_244' title='bbox 1249 2804 1531 2868; x_wconf 89' lang='lat' dir='ltr'>Gligernach</span> <span class='ocrx_word' id='word_1_245' title='bbox 1581 2805 1762 2852; x_wconf 91' lang='lat' dir='ltr'>Thoma</span> <span class='ocrx_word' id='word_1_246' title='bbox 1810 2806 2069 2871; x_wconf 86' lang='lat' dir='ltr'>Monipeny</span> <span class='ocrx_word' id='word_1_247' title='bbox 2115 2810 2173 2857; x_wconf 92' lang='lat' dir='ltr'>de</span> <span class='ocrx_word' id='word_1_248' title='bbox 2221 2811 2440 2875; x_wconf 90' lang='lat' dir='ltr'>Petmuly</span> 
     </span>
     <span class='ocr_line' id='line_1_25' title="bbox 507 2892 1707 2958; baseline 0 -19"><span class='ocrx_word' id='word_1_249' title='bbox 507 2898 692 2944; x_wconf 89' lang='lat' dir='ltr'>Jacobo</span> <span class='ocrx_word' id='word_1_250' title='bbox 717 2894 879 2958; x_wconf 86' lang='lat' dir='ltr'>Trayll</span> <span class='ocrx_word' id='word_1_251' title='bbox 902 2895 960 2941; x_wconf 88' lang='lat' dir='ltr'>de</span> <span class='ocrx_word' id='word_1_252' title='bbox 987 2894 1206 2956; x_wconf 88' lang='lat' dir='ltr'>Malgask</span> <span class='ocrx_word' id='word_1_253' title='bbox 1237 2908 1343 2941; x_wconf 89' lang='lat' dir='ltr'>cum</span> <span class='ocrx_word' id='word_1_254' title='bbox 1369 2892 1532 2941; x_wconf 87' lang='lat' dir='ltr'>multis</span> <span class='ocrx_word' id='word_1_255' title='bbox 1553 2892 1660 2940; x_wconf 90' lang='lat' dir='ltr'>aliis</span> <span class='ocrx_word' id='word_1_256' title='bbox 1699 2922 1707 2930; x_wconf 93' lang='lat'><em>-</em></span> 
     </span>
    </p>

    <p class='ocr_par' dir='ltr' id='par_1_3' title="bbox 508 2980 2442 3222">
     <span class='ocr_line' id='line_1_26' title="bbox 580 2980 2442 3048; baseline 0.003 -16"><span class='ocrx_word' id='word_1_257' title='bbox 580 2985 645 3032; x_wconf 90' lang='lat' dir='ltr'>Et</span> <span class='ocrx_word' id='word_1_258' title='bbox 670 3000 755 3046; x_wconf 88' lang='lat' dir='ltr'>ego</span> <span class='ocrx_word' id='word_1_259' title='bbox 781 2982 1052 3030; x_wconf 89' lang='lat' dir='ltr'>Willelmus</span> <span class='ocrx_word' id='word_1_260' title='bbox 1088 2982 1261 3030; x_wconf 89' lang='lat' dir='ltr'>Clerici</span> <span class='ocrx_word' id='word_1_261' title='bbox 1288 2980 1572 3030; x_wconf 88' lang='lat' dir='ltr'>bacallarius</span> <span class='ocrx_word' id='word_1_262' title='bbox 1606 2981 1655 3029; x_wconf 92' lang='lat' dir='ltr'>in</span> <span class='ocrx_word' id='word_1_263' title='bbox 1691 2983 1895 3032; x_wconf 88' lang='lat' dir='ltr'>decretis</span> <span class='ocrx_word' id='word_1_264' title='bbox 1917 2986 2166 3048; x_wconf 85' lang='lat' dir='ltr'>presbyter</span> <span class='ocrx_word' id='word_1_265' title='bbox 2193 2987 2442 3037; x_wconf 86' lang='lat' dir='ltr'>Sanctian-</span> 
     </span>
     <span class='ocr_line' id='line_1_27' title="bbox 508 3069 2439 3138; baseline 0.003 -18"><span class='ocrx_word' id='word_1_266' title='bbox 508 3076 619 3120; x_wconf 90' lang='lat' dir='ltr'>dree</span> <span class='ocrx_word' id='word_1_267' title='bbox 650 3072 862 3120; x_wconf 82' lang='lat' dir='ltr'>dioecesis</span> <span class='ocrx_word' id='word_1_268' title='bbox 887 3071 1102 3134; x_wconf 88' lang='lat' dir='ltr'>publicus</span> <span class='ocrx_word' id='word_1_269' title='bbox 1135 3071 1394 3119; x_wconf 85' lang='lat' dir='ltr'>autoritate</span> <span class='ocrx_word' id='word_1_270' title='bbox 1429 3069 1662 3134; x_wconf 88' lang='lat' dir='ltr'>imperiali</span> <span class='ocrx_word' id='word_1_271' title='bbox 1689 3071 1902 3120; x_wconf 88' lang='lat' dir='ltr'>notarius</span> <span class='ocrx_word' id='word_1_272' title='bbox 1938 3100 1949 3110; x_wconf 88' lang='lat'><strong>·</strong></span> <span class='ocrx_word' id='word_1_273' title='bbox 1989 3101 1998 3110; x_wconf 92' lang='lat'><strong>·</strong></span> <span class='ocrx_word' id='word_1_274' title='bbox 2037 3101 2046 3111; x_wconf 83' lang='lat'><strong>·</strong></span> <span class='ocrx_word' id='word_1_275' title='bbox 2086 3074 2151 3121; x_wconf 91' lang='lat' dir='ltr'>Et</span> <span class='ocrx_word' id='word_1_276' title='bbox 2191 3077 2283 3138; x_wconf 81' lang='lat' dir='ltr'>per&#39;</span> <span class='ocrx_word' id='word_1_277' title='bbox 2297 3077 2439 3126; x_wconf 86' lang='lat' dir='ltr'>alium</span> 
     </span>
     <span class='ocr_line' id='line_1_28' title="bbox 508 3158 2218 3222; baseline -0.001 -12"><span class='ocrx_word' id='word_1_278' title='bbox 508 3161 650 3210; x_wconf 88' lang='lat' dir='ltr'>michi</span> <span class='ocrx_word' id='word_1_279' title='bbox 675 3162 817 3207; x_wconf 91' lang='lat' dir='ltr'>fidum</span> <span class='ocrx_word' id='word_1_280' title='bbox 842 3176 915 3206; x_wconf 92' lang='lat' dir='ltr'>me</span> <span class='ocrx_word' id='word_1_281' title='bbox 940 3161 1066 3207; x_wconf 86' lang='lat' dir='ltr'>circa</span> <span class='ocrx_word' id='word_1_282' title='bbox 1089 3159 1184 3207; x_wconf 90' lang='lat' dir='ltr'>alia</span> <span class='ocrx_word' id='word_1_283' title='bbox 1207 3158 1417 3222; x_wconf 88' lang='lat' dir='ltr'>legitime</span> <span class='ocrx_word' id='word_1_284' title='bbox 1441 3163 1672 3222; x_wconf 88' lang='lat' dir='ltr'>occupato</span> <span class='ocrx_word' id='word_1_285' title='bbox 1696 3159 1836 3206; x_wconf 88' lang='lat' dir='ltr'>scribi</span> <span class='ocrx_word' id='word_1_286' title='bbox 1860 3159 1951 3208; x_wconf 88' lang='lat' dir='ltr'>feci</span> <span class='ocrx_word' id='word_1_287' title='bbox 1994 3190 2004 3198; x_wconf 92' lang='lat'>-</span> <span class='ocrx_word' id='word_1_288' title='bbox 2044 3190 2052 3198; x_wconf 91' lang='lat'><strong>·</strong></span> <span class='ocrx_word' id='word_1_289' title='bbox 2093 3191 2102 3199; x_wconf 91' lang='lat'><strong>·</strong></span> <span class='ocrx_word' id='word_1_290' title='bbox 2139 3163 2218 3210; x_wconf 74' lang='grc' dir='ltr'>διο.</span> 
     </span>
    </p>
   </div>
  </div>
 </body>
</html>
