2950 3970
455 633 527 688 92
623 630 1086 689 REGISTRUM
1124 630 1665 687 EPISCOPATUS
1706 627 2298 685 BRECHINENSIS.

449 822 604 870 tiones
635 850 644 859 ·
684 849 694 859 ·
733 849 743 860 ·
778 822 1149 876 interuenerunt,
1167 819 1389 867 videlicet
1407 819 1534 882 quod
1551 819 1806 882 burgenses
1820 818 2039 868 consules
2057 823 2106 866 et
2125 818 2384 865 communi-

452 914 529 958 tas
552 910 667 958 dicti
692 910 824 973 burgi
848 925 905 957 ac
928 908 1152 973 parochia
1175 908 1301 956 dicte
1326 905 1610 971 parochialis
1628 906 1826 955 ecclesie
1846 907 1893 954 in
1912 905 2262 956 constructione
2286 922 2386 954 sus-

453 998 719 1046 tentatione
757 1026 767 1035 ·
807 1026 816 1035 ·
855 1026 865 1035 ·
902 1002 951 1045 et
976 996 1272 1060 reparatione
1307 995 1438 1043 chori
1462 995 1589 1043 dicte
1613 994 1897 1058 parochialis
1920 995 2119 1044 ecclesie
2155 995 2204 1042 in
2244 995 2387 1043 muris

453 1086 674 1135 fenestris
696 1086 956 1149 columpnis
989 1086 1299 1133 fenestrarum
1323 1083 1653 1132 vittationibus
1675 1083 1867 1132 fabricis
1903 1083 2069 1146 ligneis
2102 1083 2301 1132 tecturis
2338 1088 2386 1131 et

455 1175 746 1238 cooperturis
768 1179 868 1222 tam
891 1189 1033 1237 snpra
1057 1189 1196 1236 quam
1220 1172 1386 1221 subtus
1419 1187 1600 1220 necnon
1624 1176 1674 1220 et
1697 1172 1746 1219 in
1769 1172 2063 1221 vestimentis
2085 1171 2218 1221 libris
2241 1171 2388 1220 calice

457 1263 624 1327 palleis
647 1268 696 1311 et
719 1263 911 1311 lintheis
935 1261 1090 1324 magni
1117 1261 1283 1310 altaris
1317 1265 1367 1309 et
1402 1260 1574 1309 ceteris
1608 1260 1896 1309 ornamentis
1932 1260 1980 1308 in
2022 1260 2389 1324 quibuscumque

458 1353 516 1399 ad
538 1352 729 1400 chorum
755 1351 880 1399 dicte
904 1349 1187 1414 parochialis
1204 1348 1402 1398 ecclesie
1427 1348 1830 1413 qualitercumque
1853 1349 2178 1413 spectantibus
2201 1364 2319 1398 onus
2343 1350 2388 1396 in

458 1457 508 1489 se
531 1439 747 1488 totaliter
769 1442 1009 1487 assument
1043 1439 1102 1485 de
1126 1437 1220 1486 illis
1255 1438 1314 1485 de
1349 1436 1534 1501 illisque
1575 1437 1808 1486 uniuersis
1845 1441 1895 1485 et
1932 1436 2127 1500 singulis
2160 1442 2259 1486 tam
2296 1454 2389 1486 non

459 1528 748 1593 expressatis
771 1542 909 1591 quam
936 1527 1225 1590 expressatis
1247 1524 1508 1590 prelibatos
1525 1526 1746 1574 abbatem
1765 1530 1815 1574 et
1838 1529 2122 1574 conuentum
2164 1554 2172 1563 -
2214 1555 2224 1564 ·
2264 1555 2273 1563 ·
2310 1543 2393 1574 ex-

460 1618 722 1665 onerabunt
760 1645 769 1653 -
809 1644 819 1653 ·
859 1644 868 1653 ·
904 1631 1062 1678 ymmo
1097 1630 1283 1662 exnunc
1316 1630 1433 1663 onus
1471 1643 1481 1652 ·
1520 1643 1530 1652 ·
1571 1643 1580 1652 ·
1617 1614 1666 1662 in
1689 1629 1740 1663 se
1764 1617 2008 1663 assumunt
2048 1643 2057 1652 ·
2097 1644 2106 1652 -
2147 1644 2155 1652 -
2193 1620 2242 1663 et
2281 1644 2290 1652 -
2331 1644 2340 1652 ·
2380 1644 2389 1652 ·

460 1711 669 1754 rectores
706 1734 715 1742 -
756 1734 764 1742 ·
804 1733 813 1742 ·
851 1706 909 1752 de
955 1704 1182 1767 predictis
1228 1703 1443 1751 omnibus
1490 1706 1751 1751 exonerant
1790 1731 1799 1740 -
1840 1731 1849 1740 ·
1890 1731 1899 1740 -
1935 1703 2124 1751 omnino
2163 1703 2391 1767 imperpe-

460 1799 594 1842 tuum
632 1822 642 1832 ·
680 1794 858 1840 Verum
905 1797 954 1841 et
994 1792 1232 1840 viceversa
1277 1807 1362 1854 pro
1409 1791 1565 1840 oneris
1610 1791 1873 1841 huiusmodi
1922 1792 2243 1855 assumptione
2281 1820 2291 1830 ·
2331 1821 2340 1829 ·
2380 1821 2390 1829 ·

461 1883 666 1931 omnium
692 1886 742 1930 et
765 1880 1050 1944 singulorum
1076 1880 1393 1943 predictorum
1417 1879 1466 1927 in
1489 1879 1635 1928 muris
1664 1879 1865 1943 lapideis
1886 1880 2108 1929 fenestrIs
2131 1880 2392 1944 columpnis

457 1973 770 2020 fenestrarum
819 1967 1151 2018 vittationibus
1184 1967 1376 2016 fabricis
1411 1966 1579 2030 ligneis
1617 1968 1816 2016 tecturis
1853 1972 1903 2016 et
1943 1969 2237 2032 cooperturis
2278 1969 2393 2016 dicti
2429 1975 2437 1984 “

464 2060 594 2108 chori
617 2063 716 2107 tam
741 2057 907 2106 subtus
931 2071 1070 2120 quam
1095 2056 1217 2103 infra
1241 2059 1290 2103 et
1314 2058 1453 2103 extra
1475 2070 1659 2103 necnon
1683 2056 1730 2103 in
1754 2056 2048 2105 vestimentis
2081 2056 2215 2105 libris
2244 2057 2392 2105 calice

462 2147 630 2212 palleis
653 2146 808 2209 magni
831 2144 998 2193 altaris
1022 2148 1072 2192 et
1096 2147 1359 2192 ceterorum
1377 2148 1758 2192 ornamentorum
1784 2145 1831 2192 in
1856 2145 2224 2209 quibuscumque
2256 2146 2395 2194 rebus

466 2236 677 2284 existant
712 2234 772 2282 ad
808 2234 1000 2281 chorum
1034 2233 1160 2280 dicte
1195 2230 1392 2280 ecclesie
1417 2231 1818 2297 qualitercumque
1841 2234 2165 2297 spectantibus
2199 2263 2209 2272 ·
2248 2263 2257 2271 ·
2297 2263 2307 2272 ·
2344 2239 2396 2282 ut

464 2323 756 2388 premittitur
778 2321 1093 2386 prenominati
1107 2320 1255 2369 abbas
1273 2325 1322 2369 et
1346 2324 1606 2370 conuentus
1629 2325 1837 2370 rectores
1875 2350 1885 2360 ·
1925 2350 1934 2360 ·
1974 2351 1984 2360 ·
2021 2324 2250 2371 dederunt
2289 2351 2297 2360 ·
2337 2352 2346 2361 ·
2387 2352 2396 2359 -

466 2417 514 2461 et
549 2413 639 2460 hoc
675 2411 884 2475 presenti
925 2410 1103 2473 scripto
1142 2409 1229 2458 sub
1265 2409 1417 2457 forma
1453 2410 1702 2458 indenture
1725 2409 1831 2458 loco
1854 2414 1904 2459 et
1927 2411 2115 2459 nomine
2142 2411 2396 2475 solempnis

466 2505 596 2550 carte
631 2500 1024 2548 confirmauernnt
1064 2513 1291 2547 summam
1318 2497 1523 2561 quinque
1560 2513 1822 2546 marcarum
1846 2514 2105 2548 annuorum
2128 2500 2395 2548 reddituum

466 2592 524 2638 de
546 2587 832 2638 tenementis
854 2591 903 2635 et
927 2587 1068 2635 terris
1091 2585 1404 2650 infrascriptis
1441 2613 1451 2623 ·
1489 2612 1499 2622 ·
1541 2613 1562 2649 ·⁴
1588 2586 1907 2649 Burgensibus
1920 2587 2189 2636 consulibus
2204 2592 2254 2636 et
2273 2603 2399 2636 com-

465 2678 687 2726 munitati
710 2675 938 2740 predictis
953 2679 1002 2722 et
1026 2690 1187 2722 eorum
1211 2673 1559 2723 successoribus
1582 2674 1825 2722 annuatim
1849 2675 2198 2738 percipiendam
2236 2704 2246 2713 ·
2272 2677 2398 2724 vide-

465 2766 578 2814 licet
603 2766 660 2812 de
684 2767 958 2813 tenemento
983 2763 1162 2810 Thome
1190 2763 1249 2810 de
1273 2761 1527 2826 Spaldinge
1551 2766 1601 2810 et
1625 2761 1785 2810 Dauid
1827 2763 1886 2811 de
1921 2761 2176 2826 Spaldinge
2199 2764 2396 2811 fratrum

465 2869 793 2917 germanorum
825 2851 991 2914 viginti
1029 2851 1205 2899 solidos
1243 2879 1253 2889 ·
1291 2851 1357 2898 Et
1393 2851 1452 2898 de
1485 2854 1758 2898 tenemento
1784 2849 1990 2898 Walteri
2025 2851 2083 2898 de
2119 2851 2401 2900 Abirkirdor

465 2942 630 3006 viginti
669 2940 844 2989 solidos
881 2969 891 2977 ·
929 2940 1220 3002 Quequidem
1247 2939 1339 2986 duo
1361 2942 1636 2986 tenementa
1658 2938 1873 3001 predicta
1905 2938 2070 3000 jacent
2105 2939 2326 3002 contigua
2350 2940 2397 2986 in

469 3031 597 3078 dicto
620 3030 767 3091 burgo
791 3028 838 3074 in
863 3028 967 3075 vico
991 3027 1078 3075 fori
1103 3043 1165 3075 ex
1188 3030 1324 3090 parte
1348 3025 1546 3075 australi
1569 3026 1778 3074 eiusdem
1802 3025 1894 3074 vici
1918 3025 2042 3074 inter
2075 3030 2396 3075 tenementum

467 3120 645 3166 Thome
685 3117 743 3163 de
782 3115 895 3163 Leis
931 3131 992 3162 ex
1029 3118 1164 3178 parte
1206 3113 1488 3162 occidentali
1525 3129 1587 3160 ex
1625 3116 1761 3176 parte
1796 3129 1890 3160 una
1926 3140 1936 3151 ·
1974 3113 2039 3161 Et
2073 3117 2396 3163 tenementum

464 3208 496 3254 J
501 3205 637 3254 acobi
661 3204 971 3266 Scrymgeour
994 3218 1055 3250 ex
1079 3206 1214 3266 parte
1249 3201 1467 3250 orientali
1508 3217 1570 3249 ex
1607 3205 1743 3265 parte
1777 3200 1929 3249 altera
1965 3229 1974 3238 ·
2013 3201 2138 3250 Item
2174 3203 2233 3250 de
2267 3207 2399 3250 tene-

468 3298 629 3343 mento
674 3291 877 3340 Roberti
922 3291 1057 3338 Bane
1092 3290 1274 3351 jacenti
1309 3291 1357 3337 in
1392 3291 1558 3338 eodem
1599 3290 1746 3352 burgo
1788 3289 1834 3336 in
1878 3289 1981 3337 vico
2022 3290 2101 3352 qni
2143 3290 2315 3339 dicitur
2354 3291 2399 3338 le
