2950 3970
592 641 1055 698 REGISTRUM
1093 641 1628 697 EPISCOPATUS
1669 644 2251 702 BRECHINENSIS.
2315 648 2424 704 227

561 858 570 867 ·
609 858 619 867 ·
656 830 942 878 ratificamus
964 830 1328 878 admortizamus
1349 835 1398 878 et
1422 847 1506 894 pro
1534 831 1668 879 nobis
1700 834 1748 878 et
1780 833 2125 881 successoribus
2156 833 2328 881 nostris
2359 835 2418 880 ad

507 922 739 966 mortuam
764 934 951 966 manum
970 934 1055 980 pro
1079 922 1306 982 perpetuo
1329 922 1381 966 ut
1399 918 1673 982 premissum
1692 922 1764 967 est
1783 919 2108 967 confirmamus
2134 948 2143 956 ·
2169 918 2322 967 Saluis
2339 935 2420 967 no-

506 1006 579 1054 bis
603 1010 652 1054 et
676 1006 1022 1055 successoribus
1044 1006 1217 1054 nostris
1240 1006 1503 1054 orationum
1526 1006 1755 1068 suffragiis
1779 1007 1892 1054 dicti
1918 1007 2091 1054 domini
2111 1006 2351 1055 Malcolmi
2369 1011 2418 1054 et

506 1111 695 1144 suorum
719 1109 1041 1144 successorum
1068 1096 1342 1142 denotarum
1366 1098 1551 1142 tantum
1590 1122 1600 1131 ·
1638 1095 1696 1142 In
1720 1094 1851 1142 cuius
1875 1095 1941 1141 rei
1965 1095 2282 1142 testimonium
2317 1110 2420 1157 pre-

506 1185 630 1232 senti
653 1188 784 1232 carte
807 1188 967 1232 nostre
994 1199 1210 1246 magnum
1235 1181 1434 1245 sigillum
1458 1186 1668 1230 nostrum
1692 1182 1863 1244 apponi
1886 1182 2176 1245 precepimus
2200 1181 2418 1230 Testibus

506 1272 894 1321 reverendissimo
918 1271 1267 1334 reuerendoque
1291 1270 1504 1333 patribus
1527 1271 1574 1316 in
1600 1269 1757 1317 Cristo
1782 1268 2058 1317 Alexandro
2082 1268 2417 1317 Sanctiandree

506 1360 860 1423 archiepiscopo
884 1358 1166 1407 cancellario
1187 1361 1349 1406 nostro
1375 1357 1618 1404 Willelmo
1658 1356 1893 1419 Episcopo
1928 1356 2248 1404 Aberdonensi
2271 1356 2419 1404 nostri

506 1449 679 1496 secreti
702 1447 842 1510 sigilli
864 1448 1062 1495 custode
1098 1446 1303 1494 Dilectis
1338 1445 1693 1508 consanguineis
1729 1445 1902 1492 nostris
1928 1443 2218 1492 Archibaldo
2247 1443 2417 1491 comite

506 1538 565 1584 de
591 1536 758 1599 Argile
790 1536 978 1584 domino
1015 1534 1242 1598 Campbel
1278 1539 1326 1582 et
1366 1534 1519 1581 Lorne
1556 1533 1778 1595 magistro
1811 1531 2003 1594 hospitii
2037 1531 2184 1579 nostri
2223 1531 2417 1578 Matheo

507 1625 680 1672 comite
716 1625 774 1672 de
811 1624 1026 1672 Leuinax
1061 1623 1250 1671 domino
1285 1621 1480 1670 Dernlie
1521 1621 1793 1668 Alexandro
1831 1620 2018 1667 domino
2057 1618 2214 1665 Hume
2251 1633 2417 1679 magno

507 1713 766 1761 camerario
788 1717 950 1760 nostro
972 1711 1163 1758 Andrea
1186 1709 1374 1758 domino
1395 1711 1524 1771 Gray
1541 1707 1805 1770 justiciario
1829 1710 1990 1754 nostro
2009 1705 2212 1752 Dilectis
2236 1704 2419 1751 clericis

507 1802 682 1850 nostris
708 1800 953 1863 Magistris
978 1799 1192 1847 Gavuino
1218 1798 1415 1844 Dunbar
1436 1795 1763 1844 archidiacono
1787 1793 2121 1842 Sanctiandree
2157 1796 2418 1840 nostrorum

507 1889 766 1938 rotulorum
792 1887 977 1951 registri
1002 1891 1050 1934 et
1074 1885 1256 1935 consilii
1281 1885 1452 1933 clerico
1493 1883 1699 1931 Patricio
1738 1882 1931 1930 Panteir
1970 1880 2222 1929 secretario
2258 1883 2418 1927 nostro

506 1983 556 2027 et
582 1979 796 2027 Roberto
820 1976 1001 2024 Coluile
1027 1976 1084 2023 de
1111 1973 1326 2022 Uchiltre
1349 1976 1508 2020 nostre
1533 1969 1811 2019 cancellarie
1836 1970 2066 2016 directore
2103 1967 2245 2029 Apud
2271 1967 2415 2012 Edin-

506 2068 656 2131 burgh
698 2066 920 2114 vicesimo
955 2064 1031 2111 die
1066 2063 1239 2111 mensis
1271 2062 1305 2107 J
1308 2060 1489 2108 anuarii
1527 2075 1649 2106 anno
1688 2057 1878 2104 Domini
1916 2055 2161 2103 millesimo
2199 2054 2418 2117 quingen-

507 2157 679 2204 tesimo
703 2153 980 2202 duodecimo
1018 2180 1028 2189 ·
1067 2151 1131 2198 Et
1156 2149 1285 2212 regni
1307 2148 1456 2196 nostri
1481 2145 1865 2208 vicesimoquinto
1904 2172 1913 2181 ·

514 2356 893 2406 Instrumentum>
909 2367 1050 2414 super
1070 2348 1346 2397 fundatione
1370 2344 1628 2409 capellanie
1652 2344 1711 2390 ad
1736 2342 1885 2390 altare
1923 2340 2126 2388 omnium
2150 2343 2415 2387 sanctorum

512 2444 634 2491 infra
656 2440 909 2493 ecclesiam,
926 2436 1244 2487 cathedralem
1282 2433 1644 2482 Brechinensem
1683 2467 1693 2477 .

392 2602 488 2648 114
522 2567 607 2647 In
632 2598 726 2646 Dei
750 2596 936 2645 nomine
963 2593 1121 2658 Amen
1158 2619 1168 2628 ·
1206 2591 1298 2637 Per
1320 2590 1408 2635 hoc
1433 2601 1623 2650 presens
1647 2583 1880 2646 publicum
1916 2582 2271 2629 instrumentum
2310 2607 2332 2616 ·-
2357 2605 2370 2617 ·
2409 2606 2419 2615 ·

514 2691 678 2752 pateat
715 2714 725 2723 ·
765 2713 774 2722 ·
814 2712 824 2721 ·
861 2683 984 2746 quod
1030 2695 1153 2728 anno
1207 2673 1555 2724 Incarnationis
1602 2670 1853 2719 Dominice
1905 2667 2152 2715 millesimo
2200 2667 2419 2729 quingen-

513 2781 684 2829 tesimo
708 2774 1089 2842 quinquagesimo
1113 2770 1318 2819 secundo
1342 2766 1515 2814 mensis
1540 2779 1647 2812 vero
1669 2763 1703 2808 J
1706 2761 1886 2809 aunarii
1913 2760 1987 2806 die
2012 2759 2191 2806 decimo

514 2868 783 2918 Indictione
825 2862 1076 2912 undecima
1119 2857 1418 2922 pontificatus
1455 2882 1464 2891 -
1504 2881 1514 2890 ·
1554 2880 1563 2889 -
1598 2852 1631 2898 J
1637 2850 1719 2897 ulii
1771 2878 1779 2885 -
1834 2877 1842 2886 ·
1897 2875 1906 2884 ·
1958 2862 2077 2910 pape
2122 2845 2254 2893 tertii
2298 2860 2420 2892 anno

510 2958 656 3008 tertio
705 2984 717 2993 ·
769 2983 779 2993 -
832 2982 841 2991 ·
890 2947 1198 3015 personaliter
1242 2943 1525 2992 constitutus
1563 2936 1841 2986 venerabilis
1884 2935 1954 2982 vir
1998 2932 2227 2981 Dominus
2268 2932 2420 2979 David

514 3047 677 3094 Broun
700 3041 902 3091 vicarius
925 3035 1248 3102 pensionarius
1271 3030 1468 3080 ecclesie
1503 3024 1783 3092 parochialis
1807 3024 1864 3070 de
1890 3021 2053 3069 Edzell
2087 3021 2420 3069 Sanctiandree

513 3131 728 3182 dioecesis
750 3128 986 3193 quandam
1010 3125 1225 3172 chartam
1250 3117 1500 3167 erectionis
1537 3114 1636 3163 siue
1670 3110 1959 3159 fundationis
1992 3109 2230 3156 cuiusdam
2267 3106 2421 3170 capel-

511 3221 637 3270 lanie
661 3220 722 3267 ad
746 3217 897 3266 altare
921 3213 1127 3263 omnium
1151 3212 1419 3258 sanctorum
1443 3203 1565 3251 infra
1587 3199 1832 3248 ecclesiam
1858 3194 2174 3244 cathedralem
2200 3193 2423 3241 Brechin-

514 3325 673 3359 ensem
707 3307 882 3357 situate
932 3332 942 3342 ·
995 3330 1005 3340 ·
1057 3329 1067 3338 ·
1118 3296 1374 3346 reuerendo
1411 3322 1421 3331 ·
1460 3320 1470 3330 ·
1509 3319 1518 3328 ·
1554 3290 1588 3336 J
1592 3287 1762 3337 ohanni
1801 3315 1810 3323 -
1851 3315 1859 3323 -
1899 3314 1908 3323 ·
1943 3282 2251 3331 -Brechinensi
2288 3280 2423 3343 Epis-
