2950 3970
550 605 1019 662 REGISTRUM
1056 608 1596 668 EPISCOPATUS
1635 614 2218 677 BRECHINENSIS.
2271 626 2373 679 161

448 794 581 857 ginta
604 810 832 843 annorum
857 795 1172 859 interrogatus
1195 813 1335 861 super
1357 800 1508 862 primo
1532 801 1732 850 articulo
1750 803 1937 865 juratus
1955 806 2070 855 dicit
2094 810 2216 871 quod
2241 811 2371 858 nouit

449 886 498 930 et
522 881 681 930 villam
717 887 766 931 et
802 883 1121 933 inhabitantes
1155 886 1214 933 ab
1251 888 1386 936 annis
1410 888 1707 939 discretionis
1743 919 1754 928 ·
1792 893 2116 957 Interrogatus
2138 912 2278 960 super
2301 914 2372 946 se-

448 972 603 1019 cundo
629 972 820 1034 juratus
855 972 970 1020 dicit
1006 975 1130 1036 quod
1166 990 1258 1022 non
1283 981 1509 1024 venerunt
1544 979 1625 1025 sed
1662 995 1754 1042 qua
1779 981 1836 1027 de
1862 996 2005 1030 causa
2027 983 2208 1046 ignorat
2246 1013 2256 1023 ·
2293 986 2371 1032 In-

445 1063 714 1130 terrogatus
769 1076 910 1124 super
954 1061 1100 1109 tertio
1146 1064 1401 1111 concordat
1451 1080 1552 1112 cum
1603 1068 1963 1129 precedentibus
2000 1098 2010 1107 ·
2047 1071 2370 1135 Interrogatus

447 1163 587 1212 super
610 1152 780 1212 quarto
796 1150 986 1211 juratus
1011 1150 1125 1197 dicit
1162 1151 1286 1214 quod
1322 1151 1503 1200 fructus
1538 1153 1726 1201 fuerunt
1764 1158 2046 1219 sequestrati
2083 1164 2131 1207 et
2167 1161 2369 1210 Thomas

448 1237 616 1300 dey
639 1240 799 1285 custos
824 1238 1079 1300 deputatus
1115 1266 1125 1275 ·
1162 1238 1238 1286 De
1275 1238 1441 1287 ultimo
1481 1240 1626 1288 nichil
1665 1242 1755 1290 scit
1792 1271 1802 1280 ·
1836 1244 1869 1290 J
1874 1245 2078 1295 ohannes
2111 1247 2369 1296 Alexandri

447 1326 766 1389 interrogatus
790 1342 931 1389 super
953 1326 1104 1389 primo
1127 1326 1328 1375 articulo
1357 1327 1542 1388 juratus
1578 1329 1692 1377 dicit
1727 1332 1850 1393 quod
1884 1348 1968 1395 per
1991 1334 2151 1382 decem
2174 1352 2320 1385 annos
2356 1366 2366 1375 ·

448 1415 777 1478 Interrogatus
814 1430 954 1478 super
991 1416 1196 1463 secundo
1228 1415 1417 1477 juratus
1452 1417 1567 1464 dicit
1603 1419 1726 1480 quod
1763 1434 1854 1466 non
1904 1427 2129 1470 venerunt
2162 1425 2242 1471 sed
2279 1441 2371 1487 qua

448 1506 507 1553 de
542 1520 687 1553 causa
709 1504 860 1553 nescit
898 1531 908 1541 ·
946 1504 1273 1566 Interrogatus
1296 1519 1436 1568 super
1458 1506 1601 1552 tertio
1620 1499 1809 1567 juratus
1833 1508 1949 1556 dicit
1974 1512 2095 1572 quod
2134 1511 2372 1560 soluerunt

448 1592 780 1641 archidiacono
818 1595 867 1639 et
905 1592 1007 1640 eius
1043 1592 1179 1639 fratri
1218 1620 1228 1629 ·
1265 1593 1591 1655 Interrogatus
1637 1609 1775 1657 super
1820 1599 1986 1658 quarto
2024 1598 2211 1658 juratus
2255 1599 2369 1647 dicit

449 1681 850 1746 sequestrationes
885 1681 1075 1728 fuerunt
1112 1680 1239 1728 facte
1278 1684 1327 1728 et
1363 1685 1530 1744 postea
1574 1682 1929 1734 archidiaconus
1972 1684 2223 1734 intromisit
2269 1702 2371 1734 cum

448 1770 681 1818 fructibus
719 1798 729 1807 ·
768 1770 1070 1817 Protestatus
1092 1772 1165 1816 est
1189 1768 1393 1816 finaliter
1428 1769 1476 1816 in
1507 1769 1688 1830 judicio
1726 1770 1882 1818 dictus
1921 1775 2216 1827 reuerendus¹
2237 1779 2372 1837 pater

452 1860 577 1924 quod
595 1859 769 1908 virtute
795 1858 1139 1922 depositionum
1159 1857 1389 1906 dictorum
1413 1859 1606 1906 testium
1626 1840 1912 1923 inquantum
1939 1877 2023 1923 pro
2047 1861 2147 1924 ipso
2165 1863 2372 1910 facerent
2413 1917 2417 1921 ,

461 1953 512 1997 et
547 1951 715 1996 contra
751 1947 929 1995 dictum
968 1946 1345 1994 archidiaconum
1385 1950 1609 2009 quantum
1647 1948 1708 1994 ad
1735 1948 2091 1997 instrumentum
2130 1951 2374 1998 concordie

463 2014 589 2086 inter
623 2052 704 2085 eos
738 2035 1015 2099 procederet
1040 2037 1206 2082 contra
1230 2034 1408 2081 dictum
1433 2034 1810 2082 archidiaconum
1835 2036 1894 2083 ad
1919 2037 2204 2098 probandum
2227 2038 2376 2100 ipsum

463 2127 645 2175 venisse
670 2124 846 2173 dixisse
884 2127 933 2171 et
969 2123 1136 2171 fecisse
1174 2126 1339 2170 contra
1362 2122 1539 2169 dictum
1563 2122 1919 2170 instrumentum
1943 2124 2187 2172 concordie
2223 2130 2272 2172 et
2307 2125 2375 2173 sic

463 2235 610 2284 penas
633 2221 882 2266 contentas
904 2216 1124 2264 incidisse
1151 2243 1161 2252 ·
1189 2215 1253 2262 Et
1276 2215 1367 2263 hoc
1390 2215 1647 2263 solenniter
1679 2216 2030 2278 protestabatur
2054 2244 2064 2253 ·
2090 2217 2378 2265 Instrumen-

463 2313 567 2358 tum
591 2323 701 2355 vero
727 2305 976 2354 concordie
1012 2303 1080 2352 sic
1119 2303 1284 2366 incipit
1322 2330 1332 2340 ·
1369 2303 1426 2350 In
1466 2303 1652 2350 nomine
1690 2302 1882 2350 Domini
1917 2304 2068 2351 Amen
2106 2332 2115 2341 ·
2154 2305 2379 2352 Nouerint

464 2396 670 2445 uniuersi
715 2395 805 2442 hoc
859 2407 1052 2456 presens
1106 2390 1341 2454 publicum
1384 2391 1741 2439 instrumentum
1787 2390 2040 2454 inspecturi
2085 2393 2207 2455 quod
2252 2408 2374 2440 anno

464 2484 659 2533 Domini
683 2481 930 2530 millesimo
956 2478 1414 2543 quadringentesimo
1436 2478 1675 2541 trigesimo
1711 2482 1881 2525 octauo
1914 2479 2164 2526 secundum
2189 2495 2374 2542 compu-

461 2573 693 2622 tationem
717 2570 915 2618 ecclesie
942 2568 1190 2617 Scoticane
1216 2567 1290 2614 die
1317 2566 1537 2628 vigesima
1570 2565 1771 2628 septima
1794 2565 1964 2614 mensis
1984 2566 2018 2612 J
2021 2566 2199 2613 anuarii
2230 2566 2375 2613 indic-

463 2661 594 2710 tione
620 2659 826 2709 secunda
848 2657 1149 2722 pontificatus
1187 2683 1196 2692 -
1236 2682 1246 2692 ·
1285 2682 1294 2691 ·
1332 2653 1506 2701 domini
1544 2652 1742 2715 Eugenii
1779 2680 1788 2689 ·
1827 2680 1838 2690 -
1875 2679 1887 2691 ·
1921 2669 2040 2716 pape
2077 2653 2230 2716 quarti
2251 2669 2374 2701 anno

464 2755 638 2799 octauo
675 2746 987 2812 personaliter
1023 2743 1309 2792 constitutus
1348 2770 1357 2779 ·
1395 2768 1406 2780 ·
1446 2770 1455 2779 ·
1493 2741 1708 2789 dominus
1729 2740 1763 2786 J
1767 2740 1973 2789 ohannes
1995 2740 2238 2804 episcopus
2261 2741 2376 2788 Bre-

464 2841 702 2890 chinensis
739 2868 749 2878 ·
786 2841 853 2887 Et
894 2837 1124 2900 Magister
1179 2834 1420 2883 Gilbertus
1474 2832 1729 2881 Foresterii
1781 2832 2132 2880 archidiaconus
2171 2832 2376 2880 eiusdem

465 2916 618 2993 superv
643 2926 977 2977 contrauersiis
1014 2929 1063 2973 et
1104 2923 1289 2971 debatis
1323 2920 1554 2969 uniuersis
1594 2921 1717 2967 inter
1755 2920 1942 2967 eosdem
1977 2923 2065 2966 etc.
2104 2947 2114 2956 ·
2151 2919 2211 2966 In
2247 2919 2374 2967 dicto

463 3018 775 3066 instrumento
797 3030 958 3063 versus
992 3013 1130 3060 finem
1164 3010 1382 3059 scribitur
1415 3009 1462 3054 in
1496 3007 1601 3055 aliis
1634 3022 1743 3054 vero
1777 3005 1988 3054 articulis
2010 3005 2133 3053 inter
2165 3005 2373 3068 prefatos

464 3105 678 3154 dominos
696 3103 966 3167 episcopum
990 3105 1039 3149 et
1062 3099 1440 3147 archidiaconum
1459 3093 1753 3143 concordatis
1776 3093 1824 3140 in
1846 3093 2052 3156 presenti
2066 3094 2374 3142 instrumento

463 3191 701 3242 contentis
746 3189 1041 3255 presentibus
1083 3186 1236 3236 solitis
1272 3189 1321 3232 et
1358 3185 1589 3231 duntaxat
1627 3179 1964 3228 venerabilibus
1999 3180 2107 3228 viris
2151 3180 2373 3243 predictis

465 3280 664 3330 dominis
688 3282 736 3327 et
763 3276 1006 3340 Magistris
1031 3274 1187 3323 Dauid
1212 3274 1269 3320 de
1296 3270 1632 3332 Hammyltoun
1666 3272 1715 3317 et
1751 3267 2020 3316 Alexandro
2055 3268 2113 3315 de
2150 3267 2375 3315 Laweder

1394 3358 1456 3405 21
