2950 3970
583 668 1045 725 REGISTRUM
1082 672 1616 734 EPISCOPATUS
1657 680 2232 745 BREOHINENSIS
2285 693 2394 750 233

482 857 540 902 In
564 857 653 904 hoc
678 872 789 906 casu
813 857 975 907 licebit
999 859 1187 911 balliuis
1224 867 1272 911 et
1311 867 1542 914 communi
1582 869 1776 919 consilio
1813 872 2023 923 ciuitatis
2061 876 2389 927 Brechinensis

477 949 751 1007 presentare
774 946 994 995 idoneum
1018 950 1341 1013 presbyterum
1365 954 1425 1000 ad
1450 954 1625 1003 dictam
1648 974 1799 1006 meam
1836 961 2141 1024 capellaniam
2176 981 2261 1027 pro
2295 966 2388 1014 col-

476 1032 653 1081 latione
678 1034 914 1083 ordinaria
937 1036 1154 1086 habenda
1190 1066 1201 1077 ·
1238 1040 1483 1090 Postremo
1508 1042 1612 1092 volo
1647 1049 1696 1093 et
1719 1047 1884 1095 stricte
1908 1049 2071 1098 ordino
2095 1053 2218 1114 quod
2243 1053 2388 1100 domi-

474 1137 562 1169 nus
603 1122 872 1171 Willelmus
911 1124 1085 1174 Brown
1122 1126 1391 1190 capellanus
1431 1146 1515 1193 per
1550 1147 1624 1180 me
1647 1134 1914 1184 nominatus
1948 1136 1995 1184 in
2030 1142 2079 1185 et
2114 1140 2173 1186 ad
2209 1140 2383 1188 dictam

475 1226 626 1258 meam
665 1211 971 1274 capellaniam
1010 1230 1094 1277 pro
1132 1215 1383 1265 collatione
1421 1219 1657 1268 ordinaria
1698 1222 1896 1286 desuper
1917 1224 2131 1274 habenda
2164 1243 2248 1289 pro
2282 1231 2386 1276 toto

473 1303 685 1362 tempore
710 1300 806 1348 vite
829 1316 911 1349 sue
950 1329 959 1339 ·
998 1301 1063 1350 Et
1087 1303 1159 1351 sui
1182 1319 1476 1355 successores
1499 1307 1730 1370 capellani
1765 1310 1812 1357 in
1847 1314 1896 1358 et
1930 1312 1990 1359 ad
2026 1313 2199 1361 dictam
2235 1330 2386 1362 meam

473 1388 780 1451 capellaniam
821 1393 928 1453 post
966 1390 1066 1439 eius
1105 1391 1283 1440 obitum
1325 1395 1532 1442 seruabit
1572 1399 1621 1443 et
1656 1398 1910 1446 seruabunt
1944 1404 2208 1462 presentem
2233 1417 2385 1450 meam

470 1476 791 1524 fundationem
831 1477 880 1524 in
920 1478 1134 1527 omnibus
1174 1483 1222 1527 et
1263 1480 1456 1543 singulis
1495 1484 1686 1545 punctis
1718 1484 1940 1535 clausulis
1973 1490 2022 1535 et
2057 1488 2267 1537 articulis
2301 1490 2386 1538 sub

471 1581 593 1627 pena
629 1566 928 1614 ammotionis
965 1567 1024 1614 ab
1062 1569 1225 1615 eadem
1264 1597 1274 1607 ·
1311 1569 1371 1616 In
1396 1570 1542 1619 Cuius
1567 1571 1660 1619 Rei
1683 1573 2002 1622 testimonium
2038 1575 2146 1622 huic
2178 1577 2383 1639 presenti

467 1653 732 1700 fundationi
756 1669 859 1701 mee
883 1670 1024 1702 manu
1048 1671 1153 1703 mea
1175 1656 1437 1720 subscripte
1462 1657 1674 1720 Sigillum
1698 1676 1850 1708 meum
1875 1662 2110 1725 proprium
2135 1664 2382 1711 Armorum

470 1746 543 1789 est
569 1757 824 1805 appensum
857 1744 980 1805 apud
1019 1743 1261 1791 ciuitatem
1299 1745 1662 1794 Brechinensem
1701 1775 1711 1785 ·
1749 1748 1841 1796 Die
1866 1749 2014 1797 Sexto
2048 1751 2219 1799 mensis
2248 1751 2384 1798 Junii

407 1864 414 1870 .
469 1846 592 1876 anno
618 1830 812 1877 Domini
837 1829 1084 1878 millesimo
1108 1831 1478 1894 quingentesimo
1514 1835 1865 1896 quadragesimo
1888 1836 2037 1899 primo
2074 1865 2084 1875 ·
2121 1837 2286 1885 Coram
2311 1838 2383 1886 his

468 1918 673 1967 testibus
712 1918 795 1966 viz.
840 1918 1021 1966 Thoma
1065 1919 1177 1982 Kay
1219 1918 1475 1968 Malcolmo
1514 1921 1730 1970 Jaksoun
1771 1922 1950 1972 ciuibus
1995 1924 2384 1973 Brechinensibus

468 2006 669 2054 dominis
708 2006 929 2053 Johanne
969 2006 1194 2054 Tendaile
1234 2007 1453 2055 Johanne
1492 2008 1645 2056 Joffra
1685 2009 1864 2058 Thoma
1900 2011 2110 2074 Ramsay
2143 2011 2384 2075 capellano

469 2095 643 2141 Sancte
682 2093 847 2141 Crucis
885 2092 1127 2142 Willelmo
1170 2094 1373 2142 Gilberti
1413 2095 1656 2158 capellano
1697 2097 1860 2146 Sancti
1896 2098 2085 2146 Niniani
2109 2100 2383 2148 confessoris

467 2187 516 2230 et
551 2182 785 2245 pontificis
811 2180 1052 2229 Willelmo
1077 2181 1279 2229 Gilberti
1309 2181 1495 2244 juniore
1531 2187 1580 2231 et
1618 2184 1797 2232 Thoma
1834 2184 2106 2234 Finlaisoun
2142 2187 2382 2250 capellano

466 2271 686 2318 Omnium
711 2270 991 2318 Sanctorum
1013 2269 1211 2318 notariis
1245 2269 1444 2333 publicis
1481 2286 1585 2318 cum
1623 2271 1818 2321 diuersis
1851 2272 1956 2322 aliis
1992 2301 2002 2311 -
2038 2273 2196 2321 Dauid
2221 2275 2379 2321 Broun

467 2375 608 2407 manu
645 2356 852 2422 propria'
870 2385 880 2395 ·
918 2357 1033 2406 Post
1071 2357 1394 2421 cuiusquidem
1431 2358 1592 2407 charte
1616 2360 1930 2423 receptionem
1967 2388 1978 2399 ·
2017 2388 2028 2400 ·
2065 2389 2076 2399 ·
2113 2361 2287 2411 Dictus
2310 2378 2380 2410 re-

467 2448 699 2495 uerendus
735 2450 873 2510 pater
911 2450 960 2494 et
998 2445 1212 2493 canonici
1247 2445 1510 2494 huiusmodi
1535 2446 1745 2495 chartam
1782 2475 1793 2486 ·
1830 2474 1842 2486 ·
1879 2475 1890 2486 ·
1925 2447 2234 2497 laudauerunt
2271 2477 2282 2487 -
2319 2477 2330 2487 ·
2368 2478 2378 2487 ·

469 2535 807 2584 Promittentes
829 2549 915 2597 pro
938 2548 989 2582 se
1013 2536 1061 2581 et
1084 2532 1431 2581 successoribus
1453 2533 1550 2582 suis
1583 2533 1813 2598 episcopis
1835 2538 1884 2583 et
1907 2536 2141 2585 canonicis
2177 2564 2187 2574 ·
2226 2564 2236 2575 ·
2274 2565 2284 2575 -
2318 2539 2378 2584 ad

467 2629 666 2676 eandem
703 2654 714 2665 ·
752 2654 763 2665 ·
802 2654 812 2664 -
846 2641 931 2690 pro
977 2640 1136 2673 eorum
1181 2640 1318 2688 posse
1355 2652 1366 2663 ·
1405 2651 1414 2663 ·
1453 2652 1463 2662 ·
1498 2625 1699 2673 fideliter
1742 2626 2006 2690 perimpleri
2043 2656 2054 2666 ·
2091 2655 2101 2666 ·
2141 2656 2151 2667 ·
2187 2644 2379 2678 causan-

468 2719 575 2764 dam
614 2743 624 2754 ·
663 2716 729 2763 Et
765 2713 1031 2762 huiusmodi
1056 2712 1266 2759 chartam
1292 2711 1339 2758 in
1364 2727 1523 2760 eorum
1548 2712 1667 2761 libro
1703 2713 1910 2776 Registri
1933 2716 1993 2762 ad
2015 2719 2287 2779 perpetuam
2310 2718 2378 2765 rei

467 2804 740 2853 memoriam
778 2801 1018 2865 registrari
1058 2801 1367 2848 decreuerunt
1405 2827 1415 2837 ·
1451 2800 1602 2863 Super
1639 2800 1805 2864 quibus
1842 2801 2055 2851 omnibus
2095 2806 2143 2850 et
2188 2803 2378 2866 singulis

466 2893 679 2956 prefatus
703 2891 918 2939 dominus
954 2889 1112 2936 Dauid
1149 2889 1308 2936 Broun
1331 2888 1554 2936 fundator
1587 2892 1636 2937 et
1671 2889 1885 2938 dominus
1921 2889 2187 2939 Willelmus
2221 2892 2379 2939 Broun

466 2980 738 3044 capellanus
761 2979 809 3026 in
831 2977 1097 3026 huiusmodi
1122 2977 1287 3024 charta
1309 2975 1632 3039 principaliter
1653 2976 1919 3025 nominatus
1941 2991 2026 3040 pro
2048 2993 2133 3026 suo
2155 2978 2379 3028 interesse

467 3067 730 3132 respectiue
771 3083 802 3114 a
840 3082 915 3114 me
956 3064 1142 3113 notario
1182 3062 1370 3126 publico
1410 3063 1500 3111 sibi
1535 3063 1635 3111 fieri
1672 3064 1910 3127 petierunt
1946 3080 2086 3112 unum
2124 3081 2207 3114 seu
2246 3065 2380 3128 plura

464 3156 702 3220 publicum
731 3170 783 3203 ve
806 3152 996 3218 publica
1030 3151 1387 3200 instrumentum
1426 3155 1475 3198 et
1512 3150 1824 3199 instrumenta
1860 3179 1870 3190 ·
1906 3153 2033 3200 Acta
2066 3157 2200 3201 erant
2223 3154 2309 3201 hec
2332 3155 2378 3201 in

466 3246 603 3292 domo
634 3241 883 3306 capitulari
908 3238 1214 3288 Brechinensi
1249 3239 1365 3286 hora
1388 3238 1666 3286 intermedia
1689 3240 1747 3287 ad
1773 3240 2092 3288 duodecimam
2118 3241 2165 3287 in
2188 3241 2380 3289 meridie

465 3337 551 3381 aut
588 3331 772 3380 eocirca
807 3330 895 3379 sub
932 3344 1056 3377 anno
1093 3327 1169 3375 die
1203 3342 1362 3375 mense
1398 3326 1653 3374 indictione
1678 3331 1727 3374 et
1750 3327 2025 3390 pontificatu
2049 3328 2216 3391 quibus
2238 3343 2378 3391 supra

1427 3414 1492 3461 30
