2950 3970
501 656 610 712 124
669 657 1134 716 REGISTRUM
1172 661 1715 718 EPISCOPATUS
1755 659 2350 719 BRECHINENSIS.

502 847 671 895 cardus
692 847 840 912 Wyly
858 865 943 913 pro
962 850 1258 899 Cancellaria
1276 851 1588 915 quadraginta
1604 852 1781 902 solidos
1817 881 1827 891 ·
1866 852 2098 916 Magister
2112 849 2271 899 Dauid
2290 849 2436 896 Cran-

502 936 623 982 noch
662 952 745 1000 pro
777 938 1061 987 cancellaria
1099 940 1411 1003 quadraginta
1446 939 1624 990 solidos
1659 968 1671 979 ·
1709 941 1941 1005 Magister
1965 940 2234 1004 Stephanus
2274 939 2437 1000 Augus

501 1039 587 1085 pro
632 1026 929 1075 thezauraria
974 1028 1287 1092 quadraginta
1319 1027 1494 1078 solidos
1531 1056 1542 1067 ·
1579 1029 1813 1093 Magister
1859 1029 2094 1077 Ricardus
2129 1028 2318 1090 Guthry
2351 1041 2437 1089 pro

508 1112 716 1162 Lethnot
762 1116 967 1180 quinque
1013 1133 1198 1166 marcas
1234 1146 1245 1156 ·
1284 1117 1554 1166 Willelmus
1600 1118 1660 1166 de
1705 1118 1888 1167 Forbas
1938 1133 2024 1182 pro
2070 1117 2260 1180 Guthry
2294 1115 2440 1179 quad-

508 1203 693 1265 raginta
727 1204 903 1254 solidos
943 1233 953 1243 ·
991 1206 1218 1255 Preterea
1253 1206 1409 1255 dictus
1444 1206 1660 1256 dominus
1695 1206 1962 1271 Episcopus
1993 1205 2107 1254 fecit
2128 1204 2222 1268 legi
2257 1205 2350 1252 duo
2372 1203 2442 1250 in-

508 1296 773 1341 strumenta
812 1293 1003 1357 publica
1037 1311 1179 1343 unum
1217 1296 1276 1343 de
1311 1311 1436 1344 anno
1477 1295 1655 1344 domini
1690 1295 1940 1344 miHesimo
1980 1293 2441 1359 quadringentesimo

511 1380 748 1429 tricesimo
783 1387 954 1446 quarto
978 1387 1027 1431 et
1054 1383 1228 1433 mensis
1263 1384 1511 1432 Februarii
1547 1384 1623 1433 die
1658 1384 1921 1449 penultima
1954 1385 2190 1447 signatum
2224 1383 2357 1446 signo
2392 1386 2441 1430 et

502 1471 852 1534 subscriptione
886 1472 921 1518 J
925 1473 1124 1521 ohannis
1161 1472 1301 1522 Steill
1336 1473 1589 1537 presbiteri
1626 1472 1981 1522 Dunkeldensis
2015 1472 2230 1520 dioecesis
2263 1470 2439 1535 publici

504 1560 762 1608 autoritate
787 1560 1020 1625 imperiali
1043 1562 1217 1610 notarii
1242 1563 1300 1609 de
1326 1561 1689 1610 denunciatione
1727 1561 1948 1625 Magistri
1973 1560 2180 1609 Gilberti
2216 1560 2442 1608 Forestar

506 1648 826 1697 archidiaconi
874 1651 1209 1700 Brechinensis
1248 1654 1444 1715 propter
1483 1650 1740 1699 violentam
1784 1666 2007 1699 manuum
2053 1650 2354 1698 iniectionem
2395 1649 2443 1695 in

509 1753 757 1800 personam
793 1739 908 1786 dicti
943 1740 1190 1787 reuerendi
1221 1740 1373 1804 patris
1423 1768 1434 1778 ·
1485 1740 1663 1788 Postea
1696 1755 1807 1787 vero
1841 1739 1957 1787 fecit
1990 1738 2083 1800 legi
2107 1738 2235 1786 aliud
2271 1738 2445 1787 instru-
2540 1728 2547 1737 ’

513 1832 723 1875 mentum
759 1828 817 1875 de
852 1843 977 1876 anno
1011 1829 1189 1877 domini
1223 1828 1473 1878 millesimo
1513 1827 1944 1892 quadragintesimo
1979 1827 2336 1891 quadragesimo
2370 1841 2447 1874 oc-

514 1920 628 1963 tauo
663 1920 712 1964 et
750 1917 926 1965 mensis
951 1917 986 1964 J
990 1917 1073 1965 ulii
1109 1917 1185 1965 die
1219 1916 1481 1981 penultima
1515 1917 1750 1980 signatum
1785 1916 1930 1980 signis
1953 1920 2002 1964 et
2026 1915 2449 1980 subscriptionibus

515 2005 777 2052 Alexandri
814 2005 992 2053 Thome
1031 2009 1081 2053 et
1120 2006 1238 2054 dicti
1271 2006 1306 2052 J
1309 2006 1508 2055 ohannis
1543 2005 1697 2069 Steyll
1731 2005 2021 2054 notariorum
2059 2004 2352 2069 publicorum
2387 2006 2446 2051 de

515 2091 835 2141 declaratione
870 2093 986 2142 dicti
1021 2093 1342 2142 archidiaconi
1376 2110 1462 2158 pro
1498 2094 1908 2143 excommunicato
1942 2095 2095 2142 teneri
2130 2098 2323 2158 propter
2354 2094 2451 2142 vio-

515 2182 693 2230 lentam
724 2198 943 2230 manuum
975 2182 1277 2231 iniectionem
1309 2183 1428 2232 alias
1462 2183 1510 2231 in
1544 2199 1795 2247 personam
1824 2183 1940 2231 dicti
1975 2184 2223 2231 reuerendi
2251 2183 2400 2246 patris
2438 2212 2447 2220 ·

518 2275 566 2317 et
589 2275 816 2334 tanquam
851 2270 998 2319 talem
1035 2271 1207 2319 debere
1243 2271 1383 2320 vitari
1419 2271 1468 2319 in
1497 2287 1583 2320 sua
1616 2276 1722 2320 tota
1757 2273 1947 2321 dioecesi
1982 2277 2032 2321 et
2056 2271 2170 2320 alibi
2206 2288 2448 2336 quousque

519 2359 868 2407 absolucionem
892 2359 1201 2408 sufficientem
1227 2360 1384 2409 dictus
1417 2360 1778 2410 archidiaconus
1804 2361 2079 2410 ostenderet
2117 2389 2127 2398 ·
2165 2361 2346 2417 Quibus
2369 2377 2454 2424 per

519 2464 594 2495 me
635 2448 870 2496 notarium
906 2448 1145 2512 publicum
1183 2448 1408 2513 perlectis
1443 2450 1627 2498 monuit
1662 2451 1819 2499 dictus
1853 2451 2140 2499 reuerendus
2174 2454 2312 2514 pater
2347 2466 2452 2514 pre-

524 2536 726 2600 scriptos
750 2537 978 2584 decanum
1003 2541 1053 2585 et
1077 2537 1330 2587 canonicos
1353 2542 1587 2602 quatenus
1604 2539 1691 2587 sub
1715 2539 1850 2603 penis
1873 2532 2252 2588 incumbentibus
2275 2540 2454 2587 dictum

523 2625 903 2674 archidiaconum
938 2631 1164 2690 tanquam
1201 2628 1662 2675 excommunicatum
1697 2631 1917 2676 tenerent
1951 2631 2000 2675 et
2034 2627 2201 2691 ipsum·
2222 2632 2276 2676 ut
2309 2627 2456 2675 talem

526 2715 730 2762 vitarent
754 2730 995 2778 quousque
1019 2714 1146 2763 aliud
1183 2715 1449 2779 reciperent
1473 2716 1522 2763 in
1545 2715 1783 2764 mandatis
1806 2731 1837 2763 a
1860 2715 1990 2764 dicto
2029 2717 2288 2764 reuerendo
2321 2720 2457 2779 patre

527 2807 575 2850 et
614 2802 682 2851 eis
715 2802 924 2864 legitime
960 2803 1230 2852 constiterit
1265 2804 1324 2851 de
1365 2803 1616 2852 sufficienti
1650 2802 1952 2852 absolucione
1987 2803 2104 2852 dicti
2137 2804 2457 2853 archidiaconi

528 2893 586 2938 de
626 2895 725 2939 tam
767 2890 980 2938 horribili
1021 2891 1151 2939 dicto
1192 2891 1387 2939 crimine
1440 2919 1450 2930 ·
1501 2891 1703 2954 Insuper
1742 2891 1955 2954 prefatus
1996 2893 2281 2940 reuerendus
2320 2897 2458 2956 pater

492 2985 495 2989 ’
530 2979 711 3027 monuit
754 2979 932 3026 dictum
977 2980 1206 3027 decanum
1247 2983 1363 3028 tunc
1402 2983 1670 3043 presentem
1712 2979 1837 3042 quod
1878 2979 1979 3043 ipse
2020 2984 2284 3028 remoueret
2310 2997 2456 3029 suam

532 3068 807 3132 [focariam]
846 3068 905 3114 de
942 3068 1081 3115 domo
1116 3083 1202 3116 sua
1235 3072 1286 3116 et
1320 3067 1583 3116 abstineret
1620 3083 1671 3115 se
1707 3069 1766 3115 de
1789 3071 1950 3127 cetero
1972 3069 2033 3116 ab
2058 3069 2185 3116 omni
2221 3069 2462 3118 cohabita-

527 3158 661 3205 cione
686 3160 735 3204 et
759 3160 980 3219 suspecta
1014 3157 1376 3205 conuersatione
1411 3171 1518 3204 cum
1542 3171 1600 3203 ea
1623 3155 1709 3204 sub
1733 3172 1857 3219 pena
1890 3157 2203 3220 quadraginta
2235 3157 2459 3206 librarum

527 3250 715 3294 monete
740 3245 900 3293 Scotie
935 3245 1168 3294 currentis
1205 3273 1215 3283 ·
1254 3245 1574 3293 Protestando
1603 3245 1662 3292 de
1685 3243 1930 3292 leuacione
1954 3260 2075 3308 pene
2110 3245 2337 3309 preterite
2372 3247 2462 3294 sibi

528 3337 728 3398 desuper
762 3350 823 3382 ex
857 3334 1023 3381 eadem
1060 3349 1205 3382 causa
1245 3333 1468 3396 imposite
1503 3333 1551 3380 in
1587 3348 1728 3396 quam
1763 3331 1950 3396 publice
1985 3333 2152 3382 incidit
2175 3338 2228 3382 ut
2263 3334 2463 3383 asseruit
