2950 3970
513 604 589 660 34
653 603 1117 661 REGISTRUM
1153 604 1690 660 EPISCOPATUS
1731 605 2321 661 BREGHINENSIS.

518 792 605 840 bus
629 793 747 842 meis
769 793 1024 856 assignatis
1045 797 1095 841 et
1119 793 1334 841 omnibus
1369 808 1560 841 causam
1583 808 1613 840 a
1635 792 1770 841 nobis
1792 792 2075 842 habentibus
2096 809 2282 842 omnem
2305 793 2451 842 serui-

518 885 671 929 tutem
706 886 975 945 protensam
1010 884 1190 929 sectam
1225 896 1356 928 suam
1394 884 1443 928 et
1476 880 1716 929 hominum
1751 896 1940 929 suorum
1974 897 2179 930 annuum
2214 881 2450 930 redditum

518 985 774 1017 auenarum
809 969 1072 1033 antiquitus
1109 969 1374 1017 debitarum
1410 972 1459 1016 et
1495 969 1653 1017 omnia
1686 967 1782 1017 alia
1815 969 2019 1018 seruicia
2051 970 2212 1018 debita
2251 974 2300 1019 et
2341 986 2451 1018 con-

520 1062 657 1106 sueta
694 1086 703 1095 ·
742 1059 808 1106 Et
843 1059 970 1121 ipsas
1003 1061 1156 1106 terras
1189 1058 1247 1104 de
1284 1056 1559 1119 Eglisjhone
1594 1072 1701 1105 cum
1741 1057 1959 1106 omnibus
2003 1058 2102 1107 suis
2148 1058 2452 1122 pertinenciis

521 1151 568 1194 et
593 1146 894 1194 libertatibus
916 1146 964 1192 in
988 1145 1176 1209 pascuis
1213 1149 1262 1193 et
1298 1145 1506 1208 pasturis
1544 1144 1593 1192 in
1629 1144 1775 1193 moris
1816 1148 1866 1192 et
1903 1145 2118 1194 maresiis
2153 1149 2202 1194 et
2237 1145 2453 1194 omnibus

518 1235 624 1284 aliis
647 1235 921 1284 asiamentis
945 1234 1113 1298 quibus
1149 1234 1220 1282 uti
1257 1237 1600 1282 consueuerunt
1623 1233 1856 1281 husbandi
1879 1221 2133 1282 earundem
2157 1234 2454 1297 quibuscum-

520 1340 609 1387 que
631 1324 923 1388 temporibus
947 1322 1200 1371 retroactis
1223 1322 1313 1386 ipsi
1338 1321 1561 1385 episcopo
1597 1325 1647 1370 et
1682 1320 2032 1371 successoribus
2054 1321 2152 1371 suis
2174 1321 2320 1371 libere
2345 1337 2455 1370 con-

520 1414 638 1460 cedo
663 1417 712 1460 et
737 1416 969 1476 quatenus
993 1427 1182 1475 possum
1205 1427 1292 1474 pro
1315 1426 1390 1458 me
1426 1414 1476 1458 et
1509 1409 1762 1459 heredibus
1796 1409 1914 1458 meis
1949 1413 1998 1458 et
2032 1410 2284 1473 assignatis
2309 1411 2369 1458 do
2404 1414 2453 1459 et

520 1501 718 1549 ecclesie
760 1500 1069 1548 Brechinensi
1110 1499 1343 1548 mortifico
1384 1498 1531 1546 nichil
1571 1498 1714 1547 michi
1752 1496 1827 1546 vel
1862 1498 2114 1547 heredibus
2151 1499 2269 1547 meis
2306 1514 2455 1548 reser-

521 1590 677 1637 uando
711 1593 1012 1653 preterquam
1046 1588 1150 1652 pias
1185 1603 1351 1651 preces
1385 1591 1434 1635 et
1469 1587 1707 1635 orationes
1742 1586 1921 1635 domini
1956 1586 2164 1650 episcopi
2202 1615 2213 1625 ·
2250 1588 2316 1635 Et
2358 1604 2455 1636 me-

519 1678 716 1726 moriam
751 1676 1060 1726 anniuersarii
1084 1679 1334 1739 parentum
1365 1691 1575 1723 meorum
1598 1675 1864 1725 faciendam
1887 1675 2082 1738 singulis
2114 1675 2250 1725 annis
2273 1681 2326 1724 ut
2349 1693 2456 1740 pre-

522 1766 694 1814 dicitur
727 1781 812 1829 per
845 1764 1114 1828 capellanos
1149 1764 1279 1812 chori
1316 1763 1651 1812 Brechinensis
1687 1791 1698 1801 ·
1736 1764 1918 1820 Quibus
1954 1765 2169 1814 dominus
2206 1765 2455 1829 episcopus

523 1859 572 1903 et
596 1870 892 1903 successores
928 1854 1000 1901 sui
1038 1853 1118 1917 qui
1152 1868 1238 1916 pro
1264 1856 1478 1916 tempore
1511 1852 1687 1901 fuerint
1723 1852 1903 1901 dabunt
1937 1853 2180 1901 annuatim
2216 1855 2275 1901 de
2309 1854 2455 1903 firmis

474 1947 479 1951 '
523 1943 620 1992 suis
658 1942 849 1991 termini
889 1941 1054 1990 Sancti
1093 1941 1292 1989 Martini
1331 1941 1390 1988 de
1431 1940 1607 1989 eisdem
1646 1940 1788 1988 terris
1835 1942 1996 1989 decem
2043 1941 2219 1990 solidos
2266 1947 2454 1990 monete

523 2031 755 2079 currentis
799 2034 939 2094 prout
985 2029 1199 2093 superius
1248 2033 1320 2077 est
1369 2044 1644 2091 expressum
1682 2057 1692 2067 ·
1730 2029 1790 2076 In
1837 2029 1970 2078 cuius
2015 2030 2084 2079 rei
2129 2031 2454 2080 testimonium

522 2119 818 2182 presentibus
841 2117 1044 2181 sigillum
1068 2133 1221 2165 meum
1243 2121 1315 2165 est
1334 2132 1591 2180 appensum
1630 2144 1640 2153 ·
1674 2116 1855 2164 Datum
1879 2121 1929 2165 et
1953 2133 2227 2168 concessum
2265 2149 2275 2158 ·
2312 2122 2452 2184 Apud

525 2208 758 2255 Brechine
799 2207 848 2254 in
888 2205 1091 2274 ecclesia
1116 2204 1391 2259 'cathedrali
1432 2205 1641 2253 eiusdem
1681 2216 1809 2253 nono
1847 2205 1923 2254 die
1961 2208 2141 2256 mensis·
2174 2209 2455 2259 Nouembris

523 2312 646 2344 anno
679 2295 835 2358 gracie
873 2284 1620 2356 millesim&quadringentesimo
1656 2309 1782 2342 nono
1818 2322 1828 2332 ·
1866 2295 2089 2345 'restibus
2111 2299 2455 2348 venerabilibus

523 2384 634 2433 viris
658 2383 859 2432 dominis
883 2383 1115 2431 Cutberto
1139 2383 1319 2430 decano
1344 2381 1562 2430 Gilberto
1603 2382 1766 2430 Broun
1801 2387 1995 2432 cantore
2029 2386 2257 2448 magistro
2290 2387 2451 2436 Dauid

525 2475 582 2520 de
619 2474 741 2535 Idvy
774 2471 1107 2520 archidiacono
1140 2470 1174 2517 J
1179 2471 1361 2519 ohanne
1399 2469 1519 2532 Lyel
1551 2470 1847 2520 thesaurario
1880 2471 2078 2521 ecclesie
2120 2474 2454 2527 Brechinensis

523 2562 668 2610 nobili
691 2561 791 2610 viro
816 2560 1090 2610 Alexandro
1115 2559 1173 2606 de
1199 2558 1367 2622 Ogilvy
1389 2558 1666 2606 vicecomite
1703 2559 1761 2607 de
1797 2561 1960 2622 Angus
1993 2561 2210 2611 Gilberto
2245 2565 2304 2612 de
2340 2566 2454 2613 Car-

523 2667 642 2714 negy
666 2655 714 2699 et
737 2651 770 2698 J
775 2651 958 2698 ohanne
998 2647 1248 2697 Brekevell
1285 2646 1530 2711 capellano
1566 2646 1753 2694 notario
1786 2647 1976 2710 publico
2013 2653 2062 2698 et
2099 2651 2262 2700 multis
2295 2653 2402 2702 aliis
2440 2684 2449 2692 ·

527 2740 846 2803 Quasquidem
886 2738 1050 2787 literas
1088 2766 1097 2775 ·
1137 2766 1146 2774 ·
1186 2765 1195 2774 ·
1231 2736 1281 2784 in
1321 2735 1536 2784 omnibus
1570 2734 1666 2784 suis
1710 2736 1900 2799 punctis
1937 2765 1947 2774 ·
1987 2765 1996 2774 ·
2036 2766 2046 2775 ·
2082 2739 2368 2790 ratificamus
2401 2747 2451 2791 et

523 2829 781 2877 autoritate
805 2827 945 2876 officii
967 2826 1117 2875 nostri
1139 2823 1497 2888 gubernacionis
1520 2823 1650 2886 regni
1672 2823 1874 2886 predicti
1909 2825 1970 2872 ad
2004 2841 2194 2876 manum
2217 2833 2449 2879 mortuam

523 2918 572 2964 in
595 2921 874 2981 perpetuum
898 2915 1225 2964 confirmamus
1261 2911 1405 2960 nichil
1439 2911 1549 2960 inde
1581 2911 1800 2961 faciendo
1835 2912 2023 2963 domino
2046 2919 2208 2964 nostro
2233 2918 2330 2979 regi
2355 2919 2452 2967 dic-

521 3010 601 3054 tus
623 3005 870 3068 episcopus
904 3007 953 3052 et
988 3017 1282 3051 successores
1304 3000 1377 3050 sui
1399 3003 1560 3064 preter
1593 2999 1858 3049 orationum
1881 3000 2102 3064 suffragia
2123 3004 2401 3054 denotatum
2439 3037 2449 3045 -

523 3094 583 3140 In
607 3093 740 3141 ouius
776 3093 845 3140 rei
881 3091 1202 3140 testimonium
1245 3089 1456 3154 presenti
1493 3091 1623 3137 carte
1660 3091 1821 3137 nostre
1849 3089 2223 3140 confirmacionis
2245 3093 2447 3156 sigillum

524 3181 664 3229 officii
700 3181 851 3231 nostri
889 3180 1062 3243 apponi
1101 3179 1392 3242 precepimus
1414 3176 1621 3227 testibus
1656 3177 1927 3226 reuerendis
1966 3178 2016 3226 in
2054 3179 2213 3230 Cristo
2235 3183 2450 3245 patribus

522 3270 730 3318 Henrico
755 3269 976 3334 episcopo
1001 3267 1165 3316 Sancti
1191 3267 1379 3316 Andree
1406 3263 1650 3313 Willelmo
1673 3264 1893 3329 episcopo
1918 3265 2197 3331 Glasguensi
2233 3270 2448 3321 Gilberto
