2950 3970
632 621 1095 680 REGISTRUM
1135 628 1673 688 EPISOOPATUS
1714 636 2300 696 BRECHINENSIS.
2355 645 2461 697 195

526 808 680 857 hanne
706 811 941 860 Brechine
966 816 1090 877 apud
1117 816 1337 866 Pettarro
1361 820 1506 868 tertio
1542 821 1617 868 die
1653 824 1826 872 mensis
1861 826 1894 872 J
1897 828 2078 875 anuarii
2103 844 2225 876 anno
2262 828 2451 875 Domini

525 896 775 947 millesimo
800 902 1261 965 quadringentesimo
1295 909 1640 970 septuagesimo
1664 911 1814 973 primo
1850 939 1860 949 ·

527 1096 811 1160 Preceptum
836 1101 1008 1150 saisine
1034 1102 1195 1151 Dauid
1222 1105 1338 1153 Rait
1362 1122 1502 1169 super
1526 1107 1653 1156 dicto
1676 1113 1946 1159 tenemento
1984 1141 1994 1149 ·

435 1250 498 1297 93
532 1224 770 1308 Jacobus
814 1260 1058 1310 Wischart
1099 1264 1157 1311 de
1200 1265 1420 1314 Pettarro
1463 1266 1650 1316 dilectis
1689 1268 1806 1316 meis
1844 1267 2054 1315 Johanni
2095 1267 2352 1329 Dempster
2391 1267 2448 1314 de

523 1346 790 1396 OuthIrless
829 1353 878 1397 et
921 1350 1129 1399 Ricardo
1171 1353 1403 1402 Willelmi
1440 1355 1533 1402 ciui
1573 1356 1880 1404 Brechinensi
1903 1355 2092 1403 balliuis
2126 1356 2241 1402 meis
2277 1355 2324 1401 in
2359 1355 2449 1402 hac

522 1439 658 1497 parte
682 1436 953 1499 specialiter
975 1440 1248 1489 constitutis
1269 1442 1471 1490 salutem
1510 1471 1519 1481 ·
1557 1444 1680 1499 Quia
1702 1443 1983 1491 hereditarie
2012 1443 2119 1490 dedi
2154 1446 2202 1490 et
2238 1443 2446 1491 concessi

523 1523 698 1572 dilecto
733 1527 1078 1588 consanguineo
1111 1544 1217 1576 meo
1250 1530 1408 1577 Dauid
1449 1531 1563 1578 Bait
1599 1531 1691 1578 ciui
1728 1532 1854 1579 dicte
1887 1531 2096 1578 ciuitatis
2120 1529 2449 1578 Brechinensis

521 1616 698 1659 terram
723 1629 875 1662 meam
898 1619 1080 1663 vastam
1098 1616 1338 1677 jacentem
1362 1618 1409 1665 in
1434 1619 1629 1666 ciuitate
1656 1619 1960 1667 Brechinensi
1983 1618 2235 1680 vulgariter
2272 1618 2446 1665 dictam

518 1700 564 1747 le
598 1701 841 1749 constable
875 1702 988 1750 land
1023 1719 1129 1751 cum
1167 1721 1261 1752 una
1297 1721 1408 1753 acra
1445 1707 1596 1753 eidem
1635 1707 1882 1754 adiacente
1917 1711 2055 1770 prout
2090 1707 2138 1752 in
2173 1709 2306 1753 carta
2341 1721 2447 1752 mea

521 1789 736 1852 predicto
775 1790 936 1838 Dauid
974 1792 1175 1855 desuper
1212 1795 1429 1842 confecta
1465 1794 1648 1857 plenius
1683 1795 1953 1842 continetur
1988 1823 1998 1832 -
2036 1793 2185 1841 Vobis
2218 1794 2360 1856 igitur
2397 1798 2445 1840 et

520 1883 727 1926 vestrum
753 1879 946 1927 cuilibet
971 1880 1256 1929 coniunctim
1281 1886 1330 1929 et
1355 1882 1541 1930 diuisim
1580 1883 1788 1946 precipio
1811 1887 1861 1931 et
1884 1884 2055 1929 mando
2079 1886 2312 1945 quatenus
2333 1881 2444 1928 visis

519 1967 818 2030 presentibus
841 1972 1019 2016 statum
1043 1970 1266 2017 saisinam
1290 1974 1338 2018 et
1363 1970 1695 2018 hereditariam
1719 1971 2058 2033 possessionem
2082 1969 2292 2032 predicte
2315 1972 2440 2016 terre

520 2060 569 2103 et
606 2071 716 2103 acre
754 2072 860 2104 cum
896 2057 1196 2119 pertinentiis
1232 2058 1416 2120 prefato
1442 2058 1600 2105 Dauid
1624 2058 1698 2105 vel
1721 2074 1804 2106 suo
1828 2061 1960 2105 certo
1983 2060 2223 2105 attornato
2247 2055 2441 2103 indilate

518 2147 723 2194 tradatis
759 2175 769 2184 ·
806 2147 883 2194 Ad
909 2147 1032 2210 quod
1055 2147 1323 2194 faciendum
1346 2163 1498 2194 meam
1523 2163 1678 2194 veram
1703 2147 1897 2194 liberam
1934 2150 1982 2194 et
2006 2145 2262 2209 plenariam
2285 2147 2442 2206 potes-

519 2238 673 2281 tatem
713 2235 845 2283 vobis
871 2231 934 2282 'et
975 2238 1181 2282 vestrum
1224 2234 1418 2282 cuilibet
1453 2235 1737 2282 coniunctim
1772 2238 1821 2281 et
1857 2233 2042 2281 diuisim
2077 2231 2321 2279 committo
2357 2246 2442 2292 per

519 2326 764 2385 presentes
801 2351 810 2360 ·
849 2323 915 2370 Et
962 2322 1010 2369 in
1056 2322 1237 2384 signum
1283 2322 1549 2370 huiusmodi
1595 2322 1765 2369 saisine
1812 2320 2012 2383 sigillum
2061 2318 2218 2366 dantis
2263 2318 2437 2365 dictam

519 2411 742 2459 saisinam
766 2410 815 2458 in
838 2411 1046 2459 secunda
1069 2411 1220 2458 cauda
1243 2414 1350 2473 post
1374 2425 1530 2457 meum
1567 2409 1864 2473 presentibus
1886 2407 2088 2471 appendi
2111 2406 2297 2453 faciatis
2334 2433 2343 2442 ·
2382 2406 2438 2453 In

519 2499 651 2548 cuius
687 2498 756 2546 rei
791 2498 1116 2547 testimonium
1155 2497 1358 2560 sigillum
1395 2513 1547 2544 meum
1572 2496 1868 2560 presentibus
1902 2499 1975 2543 est
2003 2510 2256 2558 appensum
2281 2509 2437 2541 coram

516 2587 609 2635 hiis
630 2586 833 2635 testibus
856 2586 1044 2634 domino
1081 2585 1293 2633 Roberto
1329 2586 1473 2632 Arrot
1508 2585 1772 2647 presbitero
1811 2583 2083 2630 Alexandro
2109 2579 2437 2643 Myddiltoune

519 2676 701 2724 Thoma
740 2675 984 2724 Wischart
1018 2679 1067 2722 et
1102 2674 1135 2721 J
1140 2674 1322 2721 ohanne
1358 2673 1590 2720 Brechine
1626 2672 1751 2735 apud
1775 2672 1993 2718 Pettarro
2020 2669 2164 2717 tertio
2201 2669 2275 2716 die
2307 2683 2435 2715 men-

518 2765 584 2813 sis
627 2765 661 2811 J
665 2764 847 2812 anuarii
893 2779 1016 2811 anno
1064 2761 1256 2809 Domini
1301 2759 1549 2809 millesimo
1594 2741 2052 2823 quadringentesimo
2090 2755 2435 2819 septuagesimo

518 2852 672 2917 primo
711 2881 720 2890 ·
