2950 3970
669 643 1134 702 REGISTRUM
1174 648 1712 706 EPISCOPATUS
1753 651 2342 710 BRECHINENSIS.
2384 656 2454 712 75

524 846 628 879 mus
650 831 987 894 prebendarius
1011 835 1137 883 dicte
1161 836 1358 886 ecclesie
1393 839 1451 885 de
1490 839 1696 888 Lethnot
1731 840 1779 887 in
1814 840 2012 889 ecclesia
2046 841 2304 889 cathedrali
2331 842 2444 890 Bre-

523 919 737 968 chinensi
759 924 972 984 tempore
997 923 1173 971 domini
1196 924 1426 989 Stephani
1462 926 1669 991 episcopi
1693 928 1753 975 ad
1777 928 1866 976 1100
1889 929 2226 977 consentientis
2250 944 2445 976 unacum

523 1008 739 1072 predicto
775 1013 977 1072 patrono
1005 1015 1058 1059 ut
1081 1027 1166 1075 per
1189 1012 1376 1061 literam
1402 1030 1562 1062 eorum
1591 1015 1755 1079 sigillis
1792 1015 2042 1079 sigillatam
2066 1016 2190 1065 clare
2215 1021 2398 1065 constat
2436 1045 2445 1054 ·

525 1096 740 1160 Septimo
778 1099 903 1161 quod
941 1099 1199 1162 capitulum
1253 1102 1569 1152 Brechinense
1617 1119 1857 1168 quousque
1896 1105 2025 1153 facta
2065 1105 2228 1153 fuisset
2264 1106 2444 1167 integra

521 1184 695 1234 solutio
722 1187 781 1234 de
805 1191 934 1235 resta
957 1188 1082 1236 dicte
1100 1190 1337 1252 pensionis
1354 1191 1589 1240 recusauit
1607 1208 1692 1255 pro
1710 1196 1824 1241 tunc
1843 1192 2044 1255 sigillare
2065 1193 2238 1240 dictam
2256 1192 2440 1240 literam

521 1275 775 1324 creationis
797 1291 885 1323 1100
908 1277 1062 1325 adhuc
1086 1277 1308 1340 sigillauit
1331 1284 1524 1342 propter
1545 1281 1739 1327 eandem
1766 1296 1954 1328 causam
1986 1284 2124 1343 prout
2149 1284 2336 1328 constat
2360 1297 2442 1343 per

519 1361 707 1411 literam
731 1368 928 1428 propter
963 1366 1088 1428 quod
1126 1366 1280 1414 dictus
1313 1370 1539 1429 patronus
1560 1383 1727 1431 graues
1751 1367 1909 1416 intulit
1945 1368 2095 1416 minas
2119 1368 2320 1416 discreto
2344 1369 2441 1415 viro

520 1451 710 1500 domino
736 1452 980 1501 Willelmo
1005 1454 1109 1501 Ade
1133 1459 1248 1502 tunc
1271 1454 1568 1518 pensionario
1591 1455 1638 1503 in
1664 1455 1792 1503 dicta
1815 1455 2015 1504 ecclesia
2052 1455 2356 1504 Brechinensi
2393 1461 2440 1503 et

519 1541 710 1589 domino
736 1541 915 1590 Thome
954 1542 1013 1590 (10
1053 1542 1248 1591 Luthris
1287 1570 1297 1580 ·
1329 1542 1509 1590 Octavo
1537 1544 1670 1606 ponit
1693 1547 1742 1591 et
1765 1544 1963 1607 probare
1987 1543 2189 1591 intendit
2214 1544 2338 1606 quod
2363 1545 2440 1591 de—

515 1629 681 1677 functo
718 1630 908 1678 domino
941 1630 977 1677 J
980 1630 1163 1678 ohanne
1201 1631 1259 1678 de
1298 1631 1460 1693 Augus
1493 1632 1733 1694 predictus
1766 1635 1990 1695 patronus
2024 1632 2314 1695 presentauit
2349 1633 2440 1680 dis-

516 1721 699 1766 cretum
722 1718 872 1766 virum
896 1718 1134 1766 dominum
1161 1718 1452 1766 Willelmum
1474 1720 1675 1782 Wrycht
1702 1721 1762 1767 ad
1786 1720 1960 1768 dictam
1986 1720 2230 1768 ecclesiam
2255 1720 2334 1783 qui
2358 1721 2439 1767 do-

517 1805 672 1854 minus
698 1806 971 1855 Willelmus
993 1806 1179 1870 publice
1217 1807 1266 1854 in
1303 1807 1510 1870 capitulo
1534 1823 1619 1871 per
1641 1808 1909 1871 episcopum
1935 1808 2222 1871 Stephanum
2247 1808 2439 1871 requisi-

514 1898 594 1943 tus
630 1899 684 1942 ut
722 1895 899 1943 dictam
940 1895 1212 1958 pensionem
1248 1895 1453 1944 solueret
1501 1896 1743 1959 respondit
1790 1898 1912 1960 quod
1959 1913 2051 1944 non
2098 1897 2347 1944 moriretur
2386 1896 2433 1943 in

517 1984 679 2032 debito
704 1983 821 2031 dicti
846 1983 1055 2047 episcopi
1087 1988 1136 2032 et
1174 1983 1370 2047 capituli
1394 1985 1549 2047 quoad
1589 1984 1763 2031 dictam
1796 1985 2065 2047 pensionem
2100 1989 2292 2047 propter
2315 1985 2435 2047 quod

517 2073 811 2122 conscientia
832 2076 989 2121 motus
1013 2072 1144 2120 dedit
1169 2076 1218 2120 et
1242 2071 1434 2120 realiter
1452 2087 1557 2119 cum
1577 2071 1747 2119 effectu
1766 2072 2042 2120 deliberauit
2067 2073 2184 2120 bone
2208 2072 2427 2119 memorie

517 2161 737 2210 Waltero
773 2161 994 2225 episcopo
1032 2164 1082 2208 et
1119 2159 1326 2223 capitulo
1365 2159 1670 2207 Brechinensi
1706 2159 1822 2220 iiiju
1857 2159 2000 2208 libras
2036 2160 2136 2207 auri
2170 2159 2351 2223 antiqui
2386 2159 2432 2206 in

515 2254 697 2314 partem
725 2249 979 2299 solucionis
1017 2249 1143 2296 dicte
1180 2247 1417 2312 pensionis
1455 2275 1465 2285 ·
1502 2247 1639 2295 Nono
1667 2248 1790 2310 quod
1814 2247 2052 2310 predictus
2075 2247 2287 2295 dominus
2313 2247 2433 2294 Wil-

514 2339 683 2388 lelmus
702 2339 908 2402 Wrycht
926 2337 1156 2401 premissa
1177 2336 1378 2385 asseruit
1403 2336 1557 2399 quoad
1579 2336 1849 2398 pensionem
1889 2335 2010 2383 citra
2032 2335 2226 2398 triginta
2248 2338 2426 2397 septem

514 2444 664 2477 annos
679 2456 691 2466 ·
711 2427 911 2475 Decimo
927 2427 1051 2489 quod
1067 2425 1288 2472 defuncto
1304 2423 1492 2471 domino
1509 2422 1750 2470 Willelmo
1765 2422 1967 2485 Wrycht
1983 2423 2194 2470 dominus
2213 2423 2270 2470 de
2292 2421 2434 2470 Glen-

516 2518 603 2567 esk
626 2532 752 2565 nunc
785 2519 1014 2580 patronus
1037 2514 1163 2562 dicte
1188 2511 1384 2560 ecclesie
1407 2510 1698 2575 presentauit
1723 2511 1960 2558 Andream
1986 2511 2043 2557 de
2068 2509 2249 2572 Ogilwy
2274 2509 2429 2556 uiuum

514 2607 575 2655 ad
601 2606 778 2654 dictam
813 2602 1062 2652 ecclesiam
1100 2617 1238 2665 quem
1273 2600 1394 2647 bone
1431 2598 1652 2647 memorie
1677 2598 1890 2646 dominus
1915 2597 2154 2645 Walterus
2185 2597 2430 2660 episcopus

514 2694 753 2744 recusauit
789 2695 1038 2756 acceptare
1075 2704 1314 2754 quousque
1339 2687 1467 2735 dicta
1488 2686 1652 2750 pensio
1688 2686 1746 2733 de
1782 2688 1993 2748 tempore
2027 2689 2268 2733 transacto
2302 2688 2427 2732 esset

513 2783 756 2848 persoluta
781 2810 791 2821 ·
812 2780 1076 2830 Undecimo
1094 2779 1218 2843 quod
1236 2778 1356 2825 bone
1375 2775 1597 2823 memorie
1614 2772 1783 2821 nobilis
1806 2773 1876 2820 vir
1891 2772 2160 2820 Alexander
2173 2772 2231 2819 de
2247 2771 2429 2834 Ogilwy

514 2873 750 2938 quondam
773 2871 1033 2920 vicecomes
1067 2869 1126 2916 de
1163 2866 1331 2914 Forfar
1365 2867 1503 2927 pater
1537 2861 1651 2910 dicti
1676 2861 1863 2908 Andree
1886 2859 2014 2907 venit
2036 2858 2346 2923 personaliter
2366 2859 2425 2906 ad

513 2943 772 3026 capitulum
797 2958 1116 3007 Brechinense
1138 2971 1224 3019 pro
1247 2951 1498 3001 concordia
1530 2948 1775 2999 solutionis
1797 2947 1922 2996 dicte
1946 2947 2182 3011 pensionis
2213 2947 2427 2995 facienda

513 3050 593 3114 qui
619 3054 674 3098 ut
697 3049 820 3097 filius
842 3062 954 3097 suus
978 3044 1255 3108 recipiretur
1275 3038 1567 3105 presentauit
1591 3038 1767 3085 decano
1790 3052 1930 3084 unum
1954 3036 2174 3083 vicarium
2210 3035 2258 3082 in
2291 3034 2429 3084 stallo

513 3139 572 3186 de
599 3137 809 3186 Lethnot
831 3135 937 3183 loco
961 3130 1234 3183 subdiaconi
1268 3128 1397 3193 prius
1431 3125 1681 3174 existentis
1703 3124 1750 3172 in
1774 3127 1957 3187 partem
1981 3123 2427 3186 recompensationis

514 3226 640 3274 dicte
663 3223 904 3289 pensionis
928 3221 1058 3270 dicto
1094 3219 1190 3266 filio
1228 3232 1312 3266 suo
1350 3218 1532 3263 rectore
1572 3213 1630 3260 de
1671 3212 1878 3260 Lethnot
1915 3211 2035 3259 hanc
2073 3210 2427 3259 translationem

513 3317 696 3376 gratam
722 3312 927 3360 habente
951 3307 1171 3358 salarium
1197 3303 1312 3352 dicti
1336 3300 1496 3350 vicarii
1520 3299 1732 3349 soluente
1757 3299 1815 3347 de
1837 3298 2066 3347 fructibus
2085 3298 2209 3346 dicte
2237 3297 2430 3346 ecclesie
