2950 3970
567 627 1032 685 REGISTRUM
1070 630 1605 689 EPISCOPATUS
1647 636 2227 696 BRECHINENSIS.
2281 643 2387 699 137

464 816 664 865 diuersis
687 816 794 865 aliis
818 819 1055 868 canonicis
1078 822 1293 870 manibus
1315 823 1516 886 propriis
1538 823 1813 888 subscriptis
1847 827 1893 873 in
1930 829 2065 876 dorso
2100 828 2384 877 diuersorum

463 910 750 954 statutorum
775 923 859 970 per
882 908 1002 955 bone
1026 910 1247 958 memorie
1275 910 1541 959 Walterum
1568 914 1793 961 Forestar
1816 915 2083 979 episcopum
2105 918 2386 966 Brechinen-

462 1011 558 1043 sem
596 996 828 1043 factorum
866 1012 971 1044 cum
1009 998 1207 1047 diuersis
1245 998 1352 1048 aliis
1375 1001 1570 1049 statutis
1593 1001 1782 1065 scriptis
1806 1003 1852 1050 in
1878 1005 2014 1053 dorso
2038 1021 2177 1052 manu
2201 1007 2387 1070 propria

463 1084 579 1133 dicti
618 1084 869 1132 Cuthberti
908 1086 1073 1133 decani
1103 1090 1156 1134 ut
1192 1092 1388 1150 apparet
1430 1117 1439 1126 -
1477 1089 1635 1138 Primo
1659 1090 1742 1137 viz.
1767 1092 1890 1154 quod
1916 1092 2112 1156 quilibet
2136 1095 2386 1142 canonicus

463 1174 661 1222 ecclesie
685 1174 897 1237 predicte
923 1174 1256 1224 Brechinensis
1279 1176 1594 1240 cuiuscunque
1631 1178 1874 1240 dignitatis
1910 1184 1992 1228 aut
2034 1185 2188 1230 status
2210 1183 2386 1230 exista-t

463 1265 521 1310 de
562 1263 672 1310 hinc
710 1263 1053 1326 imperpetuum
1092 1264 1325 1312 decedens
1363 1264 1628 1313 huiusmodi
1664 1268 1953 1314 mansionem
1981 1268 2102 1316 infra
2125 1270 2382 1326 clausuram

461 1353 698 1416 relinquat
722 1357 771 1401 et
796 1352 1008 1400 dimittat
1687 1355 1905 1404 utensilia
1928 1360 1977 1405 et
2001 1357 2236 1406 domicilia
2260 1358 2384 1406 dicte

461 1442 692 1490 mansioni
716 1457 798 1490 sue
823 1442 1078 1490 secundum
1111 1443 1394 1505 exigentiam
1421 1448 1470 1491 et
1493 1443 1767 1491 facultatem
1792 1445 2034 1507 dignitatis
2074 1462 2154 1494 sue
2195 1452 2243 1495 et
2283 1465 2386 1511 pre-

461 1533 614 1580 bende
639 1531 867 1595 requisita
891 1535 939 1578 et
963 1531 1293 1579 conuenientia
1329 1560 1339 1569 ·
1377 1533 1499 1580 Item
1532 1533 1736 1580 secundo
1760 1533 1979 1580 scribitur
2001 1534 2048 1580 in
2073 1535 2210 1583 dorso
2237 1536 2385 1583 dicto-

462 1638 564 1668 rum
594 1624 881 1669 statutorum
908 1621 1031 1683 quod
1057 1624 1257 1683 quatuor
1292 1620 1546 1682 dignitates
1564 1621 1611 1666 in
1638 1620 1766 1667 dicta
1788 1620 1988 1669 ecclesia
2011 1623 2092 1669 viz.
2131 1624 2384 1673 decanatus

463 1709 679 1758 cantoria
702 1707 984 1756 cancellaria
1009 1713 1058 1756 et
1081 1709 1378 1756 thezauraria
1400 1709 1494 1756 sint
1529 1709 1677 1771 prime
1700 1709 1748 1755 in
1773 1710 1914 1757 choro
1949 1715 1997 1758 et
2029 1711 2234 1774 capitulo
2259 1714 2383 1761 dicte

461 1799 659 1847 ecclesie
699 1803 796 1846 tam
841 1797 946 1846 loco
987 1798 1150 1845 ordine
1175 1813 1312 1860 quam
1353 1798 1530 1845 honore
1571 1802 1620 1845 et
1661 1813 1816 1845 earum
1859 1813 2149 1861 possessores
2186 1801 2263 1863 qui
2300 1818 2383 1863 pro

460 1894 673 1952 tempore
708 1888 884 1935 fuerint
923 1915 932 1925 ·
970 1887 1097 1935 Item
1131 1887 1275 1935 tertio
1310 1891 1363 1934 ut
1404 1903 1489 1950 pro
1541 1890 1675 1949 parte
1725 1891 1796 1934 est
1847 1891 2024 1935 tactum
2079 1890 2199 1951 quod
2265 1890 2384 1952 epis-

460 1980 567 2042 copi
615 1977 958 2026 Brechinenses
994 1976 1159 2024 decani
1195 1980 1244 2024 et
1280 1991 1440 2024 omnes
1487 1975 1698 2047 canonici
1726 1975 1940 2036 jurarent
1987 1976 2033 2022 in
2068 1992 2152 2024 suo
2187 1978 2379 2024 introitu

461 2069 712 2116 obseruare
736 2066 1059 2113 fundationem
1098 2064 1376 2112 excellentis
1415 2064 1638 2127 principis
1674 2064 1787 2110 dicti
1831 2064 2035 2112 Walteri
2082 2065 2286 2114 Stewart
2321 2068 2378 2114 de

461 2161 664 2221 quatuor
697 2155 972 2219 presbiteris
1013 2158 1061 2201 et
1107 2170 1191 2201 sex
1227 2153 1384 2216 pueris
1422 2157 1470 2200 et
1505 2157 1643 2215 prout
1684 2153 1730 2198 in
1772 2169 1856 2200 sua
1895 2157 2027 2201 carta
2068 2155 2332 2202 continetur
2368 2184 2377 2193 ·

461 2248 528 2295 Et
569 2247 714 2294 etiam
752 2246 799 2292 in
838 2248 971 2292 carta
1002 2242 1209 2306 episcopi
1250 2246 1298 2288 et
1336 2240 1530 2304 capituli
1566 2241 1705 2288 dictis
1740 2241 1941 2303 quinque
1976 2241 2137 2303 sigillis
2177 2242 2379 2304 sigillata

458 2337 547 2384 hec
571 2336 665 2384 tria
688 2337 872 2382 statuta
895 2332 1060 2379 ultimo
1085 2330 1261 2393 scripta
1285 2333 1334 2376 et
1357 2329 1404 2376 in
1430 2330 1567 2376 dorso
1603 2329 1830 2376 dictorum
1866 2332 2147 2376 statutorum
2175 2330 2376 2378 Walteri

460 2424 668 2490 episcopi
706 2423 849 2471 etiam
890 2421 1067 2484 scripta
1101 2420 1231 2466 facta
1266 2423 1375 2466 sunt
1411 2422 1622 2480 tempore
1653 2417 1767 2464 dicti
1790 2417 1823 2462 J
1829 2417 2022 2464 ohannis
2046 2418 2250 2480 episcopi
2283 2419 2377 2465 dic-

458 2519 615 2562 torum
656 2510 907 2559 Cuthberti
949 2508 1115 2557 decani
1156 2511 1205 2555 et
1245 2506 1440 2554 aliorum
1481 2505 1808 2553 canonicorum
1850 2510 1900 2552 ut
1941 2509 2127 2552 constat
2166 2507 2377 2554 manibus

458 2603 660 2668 propriis
683 2602 857 2649 ibidem
883 2598 1105 2662 vigesima
1128 2599 1297 2660 quarta
1333 2594 1451 2641 Maii
1485 2610 1608 2641 anno
1643 2593 1879 2642 tricesimo
1903 2593 2065 2656 quinto
2102 2621 2112 2630 ·
2150 2594 2263 2642 Post
2287 2611 2375 2656 que

458 2692 616 2740 omnia
656 2695 705 2739 et
746 2688 927 2751 singula
966 2685 1236 2750 supradicta
1275 2699 1360 2730 nos
1399 2683 1642 2730 «Iohannes
1683 2681 1891 2729 officialis
1931 2681 2140 2743 prefatus
2184 2698 2374 2744 presens

458 2783 829 2842 transsumptum
853 2775 1090 2840 publicum
1116 2789 1220 2820 cum
1246 2771 1546 2834 originalibus
1564 2770 1811 2832 diligenter
1833 2769 2056 2816 ascultari
2081 2769 2373 2818 collationari

459 2876 508 2918 et
545 2867 820 2917 concordari
857 2865 1054 2912 fecimus
1091 2890 1100 2899 ·
1139 2863 1205 2909 Et
1241 2861 1432 2908 tandem
1468 2859 1577 2921 quia
1611 2861 1717 2920 post
1767 2856 2035 2919 diligentem
2077 2857 2371 2905 collationem

459 2965 508 3008 et
546 2957 908 3006 ascultationem
949 2951 1259 3015 comperimus
1297 2963 1489 3011 presens
1527 2948 1891 3008 transsumptum
1947 2960 2049 2991 cum
2104 2946 2375 3008 prescriptis

459 3047 762 3111 originalibus
785 3045 833 3092 in
858 3042 1072 3091 omnibus
1095 3045 1144 3087 et
1169 3055 1251 3102 per
1275 3036 1432 3085 omnia
1462 3035 1741 3082 concordare
1766 3036 1814 3080 et
1839 3033 1885 3079 in
1910 3031 2037 3079 nullo
2061 3032 2323 3095 discrepare
2362 3062 2370 3070 -

458 3137 647 3184 Idcirco
687 3132 946 3182 autoritate
991 3133 1153 3177 nostra
1199 3126 1412 3190 predicta
1452 3122 1742 3170 decreuimus
1788 3124 1836 3167 et
1881 3124 2043 3167 tenore
2089 3121 2373 3182 presentium

459 3225 753 3274 decernimus
799 3222 923 3285 quod
977 3217 1186 3283 presenti
1231 3215 1551 3275 transsumpto
1601 3209 1787 3272 publico
1832 3212 2054 3271 tanquam
2102 3208 2374 3270 prescriptis

457 3313 760 3378 originalibus
797 3338 807 3348 ·
846 3337 856 3348 ·
896 3338 906 3347 ·
943 3309 1114 3355 debeat
1153 3302 1364 3368 plenaria
1401 3329 1411 3338 ·
1451 3328 1460 3337 ·
1499 3327 1508 3336 ·
1543 3299 1658 3346 fides
1698 3296 1907 3344 adhiberi
1944 3300 1995 3343 ut
2034 3323 2043 3332 -
2083 3324 2092 3332 ·
2131 3323 2141 3332 ·
2181 3296 2377 3358 origina—

1389 3389 1448 3436 18
