<?xml version="1.0" encoding="UTF-8"?>
<!DOCTYPE html PUBLIC "-//W3C//DTD XHTML 1.0 Transitional//EN"
    "http://www.w3.org/TR/xhtml1/DTD/xhtml1-transitional.dtd">
<html xmlns="http://www.w3.org/1999/xhtml" xml:lang="en" lang="en">
 <head>
  <title>
</title>
<meta http-equiv="Content-Type" content="text/html;charset=utf-8" />
  <meta name='ocr-system' content='tesseract 3.04.00' />
  <meta name='ocr-capabilities' content='ocr_page ocr_carea ocr_par ocr_line ocrx_word'/>
</head>
<body>
  <div class='ocr_page' id='page_1' title='image "./registrumepiscop01brecuoft_0172.png"; bbox 0 0 2950 3970; ppageno 0'>
   <div class='ocr_carea' id='block_1_1' title="bbox 483 626 2324 686">
    <p class='ocr_par' dir='ltr' id='par_1_1' title="bbox 483 626 2324 686">
     <span class='ocr_line' id='line_1_1' title="bbox 483 626 2324 686; baseline -0.003 0"><span class='ocrx_word' id='word_1_1' title='bbox 483 632 554 686; x_wconf 89' lang='lat'>60</span> <span class='ocrx_word' id='word_1_2' title='bbox 650 629 1114 686; x_wconf 79' lang='lat' dir='ltr'>REGISTRUM</span> <span class='ocrx_word' id='word_1_3' title='bbox 1151 626 1692 685; x_wconf 84' lang='lat' dir='ltr'><strong>EPISCOPATUS</strong></span> <span class='ocrx_word' id='word_1_4' title='bbox 1733 626 2324 682; x_wconf 82' lang='lat' dir='ltr'>BRECHINENSIS.</span> 
     </span>
    </p>
   </div>
   <div class='ocr_carea' id='block_1_2' title="bbox 478 815 2446 3354">
    <p class='ocr_par' dir='ltr' id='par_1_2' title="bbox 478 815 2446 3354">
     <span class='ocr_line' id='line_1_2' title="bbox 479 815 2409 882; baseline -0.003 -16"><span class='ocrx_word' id='word_1_5' title='bbox 479 819 738 867; x_wconf 74' lang='lat' dir='ltr'>indictione</span> <span class='ocrx_word' id='word_1_6' title='bbox 771 819 1050 867; x_wconf 89' lang='lat' dir='ltr'>duodecima</span> <span class='ocrx_word' id='word_1_7' title='bbox 1078 818 1381 882; x_wconf 88' lang='lat' dir='ltr'>pontificatus</span> <span class='ocrx_word' id='word_1_8' title='bbox 1412 815 1698 865; x_wconf 78' lang='lat' dir='ltr'>sanctissimi</span> <span class='ocrx_word' id='word_1_9' title='bbox 1726 815 1876 878; x_wconf 90' lang='lat' dir='ltr'>patris</span> <span class='ocrx_word' id='word_1_10' title='bbox 1913 843 1923 852; x_wconf 92' lang='lat'><strong>·</strong></span> <span class='ocrx_word' id='word_1_11' title='bbox 1961 843 1971 853; x_wconf 89' lang='lat'><strong>·</strong></span> <span class='ocrx_word' id='word_1_12' title='bbox 2011 844 2021 853; x_wconf 87' lang='lat'>-</span> <span class='ocrx_word' id='word_1_13' title='bbox 2059 815 2259 878; x_wconf 87' lang='lat' dir='ltr'>Eugenii</span> <span class='ocrx_word' id='word_1_14' title='bbox 2298 843 2307 851; x_wconf 88' lang='lat'><strong>·</strong></span> <span class='ocrx_word' id='word_1_15' title='bbox 2349 842 2358 851; x_wconf 92' lang='lat'><strong>·</strong></span> <span class='ocrx_word' id='word_1_16' title='bbox 2399 842 2409 851; x_wconf 92' lang='lat'>-</span> 
     </span>
     <span class='ocr_line' id='line_1_3' title="bbox 480 903 2411 971; baseline -0.003 -16"><span class='ocrx_word' id='word_1_17' title='bbox 480 923 602 971; x_wconf 87' lang='lat' dir='ltr'>pape</span> <span class='ocrx_word' id='word_1_18' title='bbox 640 907 797 971; x_wconf 88' lang='lat' dir='ltr'>quarti</span> <span class='ocrx_word' id='word_1_19' title='bbox 834 923 960 955; x_wconf 91' lang='lat' dir='ltr'>anno</span> <span class='ocrx_word' id='word_1_20' title='bbox 1005 910 1176 971; x_wconf 87' lang='lat' dir='ltr'>quarto</span> <span class='ocrx_word' id='word_1_21' title='bbox 1214 934 1224 944; x_wconf 91' lang='lat'>-</span> <span class='ocrx_word' id='word_1_22' title='bbox 1264 934 1274 944; x_wconf 91' lang='lat'><strong>·</strong></span> <span class='ocrx_word' id='word_1_23' title='bbox 1313 934 1323 943; x_wconf 93' lang='lat'><em>·</em></span> <span class='ocrx_word' id='word_1_24' title='bbox 1360 903 1672 968; x_wconf 80' lang='lat' dir='ltr'>personaliter</span> <span class='ocrx_word' id='word_1_25' title='bbox 1706 903 1994 952; x_wconf 85' lang='lat' dir='ltr'>constitutus</span> <span class='ocrx_word' id='word_1_26' title='bbox 2039 904 2325 951; x_wconf 92' lang='lat' dir='ltr'>reuerendus</span> <span class='ocrx_word' id='word_1_27' title='bbox 2363 903 2411 949; x_wconf 93' lang='lat' dir='ltr'>in</span> 
     </span>
     <span class='ocr_line' id='line_1_4' title="bbox 478 991 2414 1060; baseline -0.003 -17"><span class='ocrx_word' id='word_1_28' title='bbox 478 996 636 1044; x_wconf 90' lang='lat' dir='ltr'>Cristo</span> <span class='ocrx_word' id='word_1_29' title='bbox 659 999 796 1060; x_wconf 89' lang='lat' dir='ltr'>pater</span> <span class='ocrx_word' id='word_1_30' title='bbox 834 1023 844 1034; x_wconf 92' lang='lat'><strong>·</strong></span> <span class='ocrx_word' id='word_1_31' title='bbox 883 1023 893 1033; x_wconf 88' lang='lat'><strong>·</strong></span> <span class='ocrx_word' id='word_1_32' title='bbox 933 1023 943 1033; x_wconf 90' lang='lat'><strong>·</strong></span> <span class='ocrx_word' id='word_1_33' title='bbox 978 996 1012 1042; x_wconf 91' lang='lat' dir='ltr'><strong>J</strong></span> <span class='ocrx_word' id='word_1_34' title='bbox 1015 995 1225 1043; x_wconf 90' lang='lat' dir='ltr'>ohannes</span> <span class='ocrx_word' id='word_1_35' title='bbox 1248 993 1500 1057; x_wconf 89' lang='lat' dir='ltr'>episcopus</span> <span class='ocrx_word' id='word_1_36' title='bbox 1537 991 1872 1040; x_wconf 88' lang='lat' dir='ltr'>Brechinensis</span> <span class='ocrx_word' id='word_1_37' title='bbox 1906 991 2030 1039; x_wconf 85' lang='lat' dir='ltr'>dixit</span> <span class='ocrx_word' id='word_1_38' title='bbox 2054 995 2103 1039; x_wconf 90' lang='lat' dir='ltr'>et</span> <span class='ocrx_word' id='word_1_39' title='bbox 2126 991 2314 1054; x_wconf 91' lang='lat' dir='ltr'>publice</span> <span class='ocrx_word' id='word_1_40' title='bbox 2339 1006 2414 1038; x_wconf 87' lang='lat' dir='ltr'>as-</span> 
     </span>
     <span class='ocr_line' id='line_1_5' title="bbox 483 1079 2415 1148; baseline -0.004 -15"><span class='ocrx_word' id='word_1_41' title='bbox 483 1085 632 1134; x_wconf 90' lang='lat' dir='ltr'>seruit</span> <span class='ocrx_word' id='word_1_42' title='bbox 667 1085 792 1148; x_wconf 91' lang='lat' dir='ltr'>quod</span> <span class='ocrx_word' id='word_1_43' title='bbox 828 1084 928 1148; x_wconf 90' lang='lat' dir='ltr'>ipse</span> <span class='ocrx_word' id='word_1_44' title='bbox 963 1083 1181 1132; x_wconf 87' lang='lat' dir='ltr'>ultimate</span> <span class='ocrx_word' id='word_1_45' title='bbox 1217 1081 1446 1129; x_wconf 86' lang='lat' dir='ltr'>veniendo</span> <span class='ocrx_word' id='word_1_46' title='bbox 1471 1081 1529 1128; x_wconf 89' lang='lat' dir='ltr'>de</span> <span class='ocrx_word' id='word_1_47' title='bbox 1555 1080 1759 1128; x_wconf 84' lang='lat' dir='ltr'>Francia</span> <span class='ocrx_word' id='word_1_48' title='bbox 1792 1095 1933 1143; x_wconf 90' lang='lat' dir='ltr'>super</span> <span class='ocrx_word' id='word_1_49' title='bbox 1966 1095 2094 1127; x_wconf 89' lang='lat' dir='ltr'>mare</span> <span class='ocrx_word' id='word_1_50' title='bbox 2118 1081 2179 1128; x_wconf 92' lang='lat' dir='ltr'>ad</span> <span class='ocrx_word' id='word_1_51' title='bbox 2205 1079 2415 1127; x_wconf 89' lang='lat' dir='ltr'>Scotiam</span> 
     </span>
     <span class='ocr_line' id='line_1_6' title="bbox 482 1167 2418 1222; baseline -0.004 0"><span class='ocrx_word' id='word_1_52' title='bbox 482 1174 614 1222; x_wconf 83' lang='lat' dir='ltr'>vouit</span> <span class='ocrx_word' id='word_1_53' title='bbox 638 1174 751 1222; x_wconf 91' lang='lat' dir='ltr'>dare</span> <span class='ocrx_word' id='word_1_54' title='bbox 775 1171 975 1220; x_wconf 87' lang='lat' dir='ltr'>ecclesie</span> <span class='ocrx_word' id='word_1_55' title='bbox 1018 1170 1324 1219; x_wconf 89' lang='lat' dir='ltr'>Brechinensi</span> <span class='ocrx_word' id='word_1_56' title='bbox 1361 1169 1410 1216; x_wconf 93' lang='lat' dir='ltr'>in</span> <span class='ocrx_word' id='word_1_57' title='bbox 1445 1169 1622 1216; x_wconf 87' lang='lat' dir='ltr'>honore</span> <span class='ocrx_word' id='word_1_58' title='bbox 1648 1168 1898 1216; x_wconf 85' lang='lat' dir='ltr'>Trinitatis</span> <span class='ocrx_word' id='word_1_59' title='bbox 1922 1169 2015 1216; x_wconf 93' lang='lat' dir='ltr'>duo</span> <span class='ocrx_word' id='word_1_60' title='bbox 2038 1167 2323 1216; x_wconf 87' lang='lat' dir='ltr'>candelabra</span> <span class='ocrx_word' id='word_1_61' title='bbox 2345 1183 2418 1214; x_wconf 90' lang='lat' dir='ltr'>ar-</span> 
     </span>
     <span class='ocr_line' id='line_1_7' title="bbox 482 1255 2419 1325; baseline -0.004 -15"><span class='ocrx_word' id='word_1_62' title='bbox 482 1266 654 1325; x_wconf 84' lang='lat' dir='ltr'>gentea</span> <span class='ocrx_word' id='word_1_63' title='bbox 677 1262 736 1309; x_wconf 90' lang='lat' dir='ltr'>de</span> <span class='ocrx_word' id='word_1_64' title='bbox 758 1261 964 1324; x_wconf 92' lang='lat' dir='ltr'>pondere</span> <span class='ocrx_word' id='word_1_65' title='bbox 988 1275 1159 1308; x_wconf 92' lang='lat' dir='ltr'>nouem</span> <span class='ocrx_word' id='word_1_66' title='bbox 1182 1274 1445 1306; x_wconf 91' lang='lat' dir='ltr'>marcarum</span> <span class='ocrx_word' id='word_1_67' title='bbox 1462 1256 1690 1305; x_wconf 85' lang='lat' dir='ltr'>trecentis</span> <span class='ocrx_word' id='word_1_68' title='bbox 1713 1255 1896 1305; x_wconf 90' lang='lat' dir='ltr'>scilicet</span> <span class='ocrx_word' id='word_1_69' title='bbox 1919 1256 2071 1319; x_wconf 85' lang='lat' dir='ltr'>troyis</span> <span class='ocrx_word' id='word_1_70' title='bbox 2108 1284 2118 1294; x_wconf 93' lang='lat'><strong>·</strong></span> <span class='ocrx_word' id='word_1_71' title='bbox 2157 1255 2223 1304; x_wconf 89' lang='lat' dir='ltr'>Et</span> <span class='ocrx_word' id='word_1_72' title='bbox 2245 1256 2419 1304; x_wconf 90' lang='lat' dir='ltr'>timens</span> 
     </span>
     <span class='ocr_line' id='line_1_8' title="bbox 486 1344 2420 1412; baseline -0.002 -14"><span class='ocrx_word' id='word_1_73' title='bbox 486 1355 687 1398; x_wconf 90' lang='lat' dir='ltr'>mortem</span> <span class='ocrx_word' id='word_1_74' title='bbox 710 1353 823 1397; x_wconf 90' lang='lat' dir='ltr'>ante</span> <span class='ocrx_word' id='word_1_75' title='bbox 846 1347 1215 1412; x_wconf 89' lang='lat' dir='ltr'>persolutionem</span> <span class='ocrx_word' id='word_1_76' title='bbox 1242 1347 1338 1394; x_wconf 89' lang='lat' dir='ltr'>voti</span> <span class='ocrx_word' id='word_1_77' title='bbox 1366 1345 1527 1394; x_wconf 88' lang='lat' dir='ltr'>volens</span> <span class='ocrx_word' id='word_1_78' title='bbox 1549 1361 1600 1394; x_wconf 92' lang='lat' dir='ltr'>se</span> <span class='ocrx_word' id='word_1_79' title='bbox 1625 1346 1684 1393; x_wconf 93' lang='lat' dir='ltr'>de</span> <span class='ocrx_word' id='word_1_80' title='bbox 1708 1344 1838 1393; x_wconf 91' lang='lat' dir='ltr'>dicto</span> <span class='ocrx_word' id='word_1_81' title='bbox 1873 1349 1985 1393; x_wconf 87' lang='lat' dir='ltr'>voto</span> <span class='ocrx_word' id='word_1_82' title='bbox 2007 1345 2281 1409; x_wconf 87' lang='lat' dir='ltr'>acquietare</span> <span class='ocrx_word' id='word_1_83' title='bbox 2304 1362 2420 1408; x_wconf 90' lang='lat' dir='ltr'>pure</span> 
     </span>
     <span class='ocr_line' id='line_1_9' title="bbox 487 1433 2419 1502; baseline -0.002 -15"><span class='ocrx_word' id='word_1_84' title='bbox 487 1444 536 1487; x_wconf 93' lang='lat' dir='ltr'>et</span> <span class='ocrx_word' id='word_1_85' title='bbox 561 1438 839 1502; x_wconf 90' lang='lat' dir='ltr'>simpliciter</span> <span class='ocrx_word' id='word_1_86' title='bbox 863 1437 994 1485; x_wconf 91' lang='lat' dir='ltr'>dedit</span> <span class='ocrx_word' id='word_1_87' title='bbox 1018 1451 1075 1484; x_wconf 91' lang='lat' dir='ltr'>ac</span> <span class='ocrx_word' id='word_1_88' title='bbox 1098 1436 1147 1483; x_wconf 95' lang='lat' dir='ltr'>in</span> <span class='ocrx_word' id='word_1_89' title='bbox 1171 1435 1387 1483; x_wconf 82' lang='lat' dir='ltr'>manibus</span> <span class='ocrx_word' id='word_1_90' title='bbox 1404 1434 1581 1482; x_wconf 91' lang='lat' dir='ltr'>domini</span> <span class='ocrx_word' id='word_1_91' title='bbox 1597 1435 1631 1482; x_wconf 88' lang='lat' dir='ltr'><strong>J</strong></span> <span class='ocrx_word' id='word_1_92' title='bbox 1635 1434 1831 1482; x_wconf 88' lang='lat' dir='ltr'>ohannis</span> <span class='ocrx_word' id='word_1_93' title='bbox 1856 1433 1962 1481; x_wconf 94' lang='lat' dir='ltr'>Liel</span> <span class='ocrx_word' id='word_1_94' title='bbox 1984 1434 2268 1482; x_wconf 86' lang='lat' dir='ltr'>thezaurarii</span> <span class='ocrx_word' id='word_1_95' title='bbox 2292 1435 2419 1483; x_wconf 90' lang='lat' dir='ltr'>dicte</span> 
     </span>
     <span class='ocr_line' id='line_1_10' title="bbox 491 1524 2425 1586; baseline -0.002 -10"><span class='ocrx_word' id='word_1_96' title='bbox 491 1527 690 1576; x_wconf 88' lang='lat' dir='ltr'>ecclesie</span> <span class='ocrx_word' id='word_1_97' title='bbox 714 1526 909 1574; x_wconf 82' lang='lat' dir='ltr'>realiter</span> <span class='ocrx_word' id='word_1_98' title='bbox 933 1524 1214 1573; x_wconf 88' lang='lat' dir='ltr'>deliberauit</span> <span class='ocrx_word' id='word_1_99' title='bbox 1237 1540 1323 1572; x_wconf 85' lang='lat' dir='ltr'>sex</span> <span class='ocrx_word' id='word_1_100' title='bbox 1346 1528 1532 1572; x_wconf 89' lang='lat' dir='ltr'>tasseas</span> <span class='ocrx_word' id='word_1_101' title='bbox 1554 1527 1804 1585; x_wconf 85' lang='lat' dir='ltr'>argenteas</span> <span class='ocrx_word' id='word_1_102' title='bbox 1826 1524 2085 1586; x_wconf 90' lang='lat' dir='ltr'>ponderum</span> <span class='ocrx_word' id='word_1_103' title='bbox 2109 1539 2280 1572; x_wconf 91' lang='lat' dir='ltr'>nouem</span> <span class='ocrx_word' id='word_1_104' title='bbox 2303 1540 2425 1572; x_wconf 89' lang='lat' dir='ltr'>mar-</span> 
     </span>
     <span class='ocr_line' id='line_1_11' title="bbox 486 1611 2420 1664; baseline -0.002 0"><span class='ocrx_word' id='word_1_105' title='bbox 486 1632 646 1664; x_wconf 92' lang='lat' dir='ltr'>carum</span> <span class='ocrx_word' id='word_1_106' title='bbox 668 1614 898 1663; x_wconf 88' lang='lat' dir='ltr'>trecentis</span> <span class='ocrx_word' id='word_1_107' title='bbox 917 1614 1170 1662; x_wconf 89' lang='lat' dir='ltr'>deauratas</span> <span class='ocrx_word' id='word_1_108' title='bbox 1194 1613 1241 1659; x_wconf 93' lang='lat' dir='ltr'>in</span> <span class='ocrx_word' id='word_1_109' title='bbox 1267 1611 1651 1660; x_wconf 87' lang='lat' dir='ltr'>extremitatibus</span> <span class='ocrx_word' id='word_1_110' title='bbox 1669 1611 1717 1658; x_wconf 93' lang='lat' dir='ltr'>in</span> <span class='ocrx_word' id='word_1_111' title='bbox 1733 1628 1827 1659; x_wconf 83' lang='lat' dir='ltr'>una</span> <span class='ocrx_word' id='word_1_112' title='bbox 1845 1627 1981 1660; x_wconf 86' lang='lat' dir='ltr'>cassa</span> <span class='ocrx_word' id='word_1_113' title='bbox 2004 1612 2063 1660; x_wconf 90' lang='lat' dir='ltr'>de</span> <span class='ocrx_word' id='word_1_114' title='bbox 2089 1612 2230 1660; x_wconf 89' lang='lat' dir='ltr'>rubro</span> <span class='ocrx_word' id='word_1_115' title='bbox 2245 1614 2374 1661; x_wconf 91' lang='lat' dir='ltr'>corio</span> <span class='ocrx_word' id='word_1_116' title='bbox 2411 1642 2420 1651; x_wconf 92' lang='lat'><strong>·</strong></span> 
     </span>
     <span class='ocr_line' id='line_1_12' title="bbox 494 1699 2426 1764; baseline -0.003 -11"><span class='ocrx_word' id='word_1_117' title='bbox 494 1706 689 1753; x_wconf 92' lang='lat' dir='ltr'>Necnon</span> <span class='ocrx_word' id='word_1_118' title='bbox 728 1703 884 1751; x_wconf 90' lang='lat' dir='ltr'>dictus</span> <span class='ocrx_word' id='word_1_119' title='bbox 919 1702 1167 1764; x_wconf 89' lang='lat' dir='ltr'>episeopus</span> <span class='ocrx_word' id='word_1_120' title='bbox 1202 1701 1395 1748; x_wconf 88' lang='lat' dir='ltr'>realiter</span> <span class='ocrx_word' id='word_1_121' title='bbox 1417 1704 1467 1748; x_wconf 92' lang='lat' dir='ltr'>et</span> <span class='ocrx_word' id='word_1_122' title='bbox 1491 1715 1597 1747; x_wconf 90' lang='lat' dir='ltr'>cum</span> <span class='ocrx_word' id='word_1_123' title='bbox 1626 1699 1797 1748; x_wconf 87' lang='lat' dir='ltr'>effectu</span> <span class='ocrx_word' id='word_1_124' title='bbox 1820 1703 1935 1747; x_wconf 90' lang='lat' dir='ltr'>tunc</span> <span class='ocrx_word' id='word_1_125' title='bbox 1974 1699 2106 1748; x_wconf 91' lang='lat' dir='ltr'>dedit</span> <span class='ocrx_word' id='word_1_126' title='bbox 2129 1704 2179 1748; x_wconf 91' lang='lat' dir='ltr'>et</span> <span class='ocrx_word' id='word_1_127' title='bbox 2205 1700 2254 1747; x_wconf 93' lang='lat' dir='ltr'>in</span> <span class='ocrx_word' id='word_1_128' title='bbox 2277 1702 2426 1748; x_wconf 90' lang='lat' dir='ltr'>mani-</span> 
     </span>
     <span class='ocr_line' id='line_1_13' title="bbox 502 1788 2429 1851; baseline -0.002 -10"><span class='ocrx_word' id='word_1_129' title='bbox 502 1795 592 1841; x_wconf 87' lang='lat' dir='ltr'>bus</span> <span class='ocrx_word' id='word_1_130' title='bbox 616 1792 733 1840; x_wconf 90' lang='lat' dir='ltr'>dicti</span> <span class='ocrx_word' id='word_1_131' title='bbox 764 1790 1049 1839; x_wconf 87' lang='lat' dir='ltr'>thezaurarii</span> <span class='ocrx_word' id='word_1_132' title='bbox 1085 1789 1366 1837; x_wconf 87' lang='lat' dir='ltr'>deliberauit</span> <span class='ocrx_word' id='word_1_133' title='bbox 1390 1804 1532 1836; x_wconf 90' lang='lat' dir='ltr'>unum</span> <span class='ocrx_word' id='word_1_134' title='bbox 1557 1788 1746 1851; x_wconf 90' lang='lat' dir='ltr'>ciphum</span> <span class='ocrx_word' id='word_1_135' title='bbox 1781 1791 2055 1851; x_wconf 87' lang='lat' dir='ltr'>argenteum</span> <span class='ocrx_word' id='word_1_136' title='bbox 2080 1790 2356 1837; x_wconf 86' lang='lat' dir='ltr'>deauratum</span> <span class='ocrx_word' id='word_1_137' title='bbox 2381 1795 2429 1838; x_wconf 88' lang='lat' dir='ltr'>et</span> 
     </span>
     <span class='ocr_line' id='line_1_14' title="bbox 495 1877 2424 1944; baseline -0.002 -14"><span class='ocrx_word' id='word_1_138' title='bbox 495 1885 769 1944; x_wconf 89' lang='lat' dir='ltr'>coopertum</span> <span class='ocrx_word' id='word_1_139' title='bbox 794 1895 900 1927; x_wconf 89' lang='lat' dir='ltr'>cum</span> <span class='ocrx_word' id='word_1_140' title='bbox 923 1879 1069 1927; x_wconf 87' lang='lat' dir='ltr'>radiis</span> <span class='ocrx_word' id='word_1_141' title='bbox 1092 1878 1205 1926; x_wconf 91' lang='lat' dir='ltr'>solis</span> <span class='ocrx_word' id='word_1_142' title='bbox 1229 1877 1404 1941; x_wconf 82' lang='lat' dir='ltr'>sparsis</span> <span class='ocrx_word' id='word_1_143' title='bbox 1428 1893 1569 1940; x_wconf 89' lang='lat' dir='ltr'>super</span> <span class='ocrx_word' id='word_1_144' title='bbox 1592 1877 1943 1941; x_wconf 85' lang='lat' dir='ltr'>coopertorium</span> <span class='ocrx_word' id='word_1_145' title='bbox 1970 1878 2028 1924; x_wconf 92' lang='lat' dir='ltr'>de</span> <span class='ocrx_word' id='word_1_146' title='bbox 2054 1879 2262 1941; x_wconf 91' lang='lat' dir='ltr'>pondere</span> <span class='ocrx_word' id='word_1_147' title='bbox 2290 1884 2424 1942; x_wconf 88' lang='lat' dir='ltr'>quat-</span> 
     </span>
     <span class='ocr_line' id='line_1_15' title="bbox 488 1965 2425 2029; baseline -0.002 -10"><span class='ocrx_word' id='word_1_148' title='bbox 488 1976 598 2019; x_wconf 89' lang='lat' dir='ltr'>tuor</span> <span class='ocrx_word' id='word_1_149' title='bbox 620 1984 884 2016; x_wconf 87' lang='lat' dir='ltr'>marcarum</span> <span class='ocrx_word' id='word_1_150' title='bbox 917 1967 976 2014; x_wconf 92' lang='lat' dir='ltr'>de</span> <span class='ocrx_word' id='word_1_151' title='bbox 1008 1967 1183 2029; x_wconf 85' lang='lat' dir='ltr'>troyiss</span> <span class='ocrx_word' id='word_1_152' title='bbox 1206 1967 1254 2013; x_wconf 92' lang='lat' dir='ltr'>in</span> <span class='ocrx_word' id='word_1_153' title='bbox 1278 1982 1415 2014; x_wconf 88' lang='lat' dir='ltr'>cassa</span> <span class='ocrx_word' id='word_1_154' title='bbox 1451 1966 1509 2013; x_wconf 90' lang='lat' dir='ltr'>de</span> <span class='ocrx_word' id='word_1_155' title='bbox 1545 1965 1674 2013; x_wconf 90' lang='lat' dir='ltr'>corio</span> <span class='ocrx_word' id='word_1_156' title='bbox 1710 1966 1992 2012; x_wconf 89' lang='lat' dir='ltr'>seruandum</span> <span class='ocrx_word' id='word_1_157' title='bbox 2030 1970 2077 2013; x_wconf 90' lang='lat' dir='ltr'>et</span> <span class='ocrx_word' id='word_1_158' title='bbox 2114 1966 2163 2013; x_wconf 95' lang='lat' dir='ltr'>in</span> <span class='ocrx_word' id='word_1_159' title='bbox 2200 1967 2425 2015; x_wconf 89' lang='lat' dir='ltr'>thezauro</span> 
     </span>
     <span class='ocr_line' id='line_1_16' title="bbox 499 2052 2429 2123; baseline -0.003 -15"><span class='ocrx_word' id='word_1_160' title='bbox 499 2057 696 2123; x_wconf 87' lang='lat' dir='ltr'>capituli</span> <span class='ocrx_word' id='word_1_161' title='bbox 720 2061 950 2121; x_wconf 91' lang='lat' dir='ltr'>perpetuo</span> <span class='ocrx_word' id='word_1_162' title='bbox 976 2056 1333 2104; x_wconf 91' lang='lat' dir='ltr'>custodiendum</span> <span class='ocrx_word' id='word_1_163' title='bbox 1359 2055 1420 2102; x_wconf 83' lang='lat' dir='ltr'>ad</span> <span class='ocrx_word' id='word_1_164' title='bbox 1444 2070 1579 2102; x_wconf 92' lang='lat' dir='ltr'>usum</span> <span class='ocrx_word' id='word_1_165' title='bbox 1603 2053 1719 2101; x_wconf 88' lang='lat' dir='ltr'>dicti</span> <span class='ocrx_word' id='word_1_166' title='bbox 1745 2053 1940 2116; x_wconf 88' lang='lat' dir='ltr'>capituli</span> <span class='ocrx_word' id='word_1_167' title='bbox 1963 2052 2146 2102; x_wconf 89' lang='lat' dir='ltr'>scilicet</span> <span class='ocrx_word' id='word_1_168' title='bbox 2179 2055 2344 2103; x_wconf 90' lang='lat' dir='ltr'>decani</span> <span class='ocrx_word' id='word_1_169' title='bbox 2380 2061 2429 2104; x_wconf 91' lang='lat' dir='ltr'>et</span> 
     </span>
     <span class='ocr_line' id='line_1_17' title="bbox 499 2142 2431 2206; baseline -0.003 -9"><span class='ocrx_word' id='word_1_170' title='bbox 499 2149 829 2197; x_wconf 90' lang='lat' dir='ltr'>canonicorum</span> <span class='ocrx_word' id='word_1_171' title='bbox 855 2146 983 2194; x_wconf 88' lang='lat' dir='ltr'>dicte</span> <span class='ocrx_word' id='word_1_172' title='bbox 1007 2144 1206 2193; x_wconf 91' lang='lat' dir='ltr'>ecclesie</span> <span class='ocrx_word' id='word_1_173' title='bbox 1231 2143 1279 2190; x_wconf 92' lang='lat' dir='ltr'>in</span> <span class='ocrx_word' id='word_1_174' title='bbox 1304 2142 1402 2191; x_wconf 90' lang='lat' dir='ltr'>suis</span> <span class='ocrx_word' id='word_1_175' title='bbox 1425 2142 1750 2205; x_wconf 85' lang='lat' dir='ltr'>potationibus</span> <span class='ocrx_word' id='word_1_176' title='bbox 1784 2142 2108 2191; x_wconf 88' lang='lat' dir='ltr'>communibus</span> <span class='ocrx_word' id='word_1_177' title='bbox 2129 2159 2216 2206; x_wconf 91' lang='lat' dir='ltr'>pro</span> <span class='ocrx_word' id='word_1_178' title='bbox 2239 2144 2355 2206; x_wconf 88' lang='lat' dir='ltr'>ipsis</span> <span class='ocrx_word' id='word_1_179' title='bbox 2382 2150 2431 2192; x_wconf 90' lang='lat' dir='ltr'>et</span> 
     </span>
     <span class='ocr_line' id='line_1_18' title="bbox 499 2229 2431 2295; baseline -0.004 -9"><span class='ocrx_word' id='word_1_180' title='bbox 499 2238 596 2286; x_wconf 92' lang='lat' dir='ltr'>suis</span> <span class='ocrx_word' id='word_1_181' title='bbox 622 2234 970 2284; x_wconf 91' lang='lat' dir='ltr'>successoribus</span> <span class='ocrx_word' id='word_1_182' title='bbox 1007 2262 1017 2272; x_wconf 89' lang='lat'><strong>·</strong></span> <span class='ocrx_word' id='word_1_183' title='bbox 1055 2233 1121 2280; x_wconf 91' lang='lat' dir='ltr'>Et</span> <span class='ocrx_word' id='word_1_184' title='bbox 1145 2231 1274 2279; x_wconf 93' lang='lat' dir='ltr'>nullo</span> <span class='ocrx_word' id='word_1_185' title='bbox 1299 2232 1438 2279; x_wconf 91' lang='lat' dir='ltr'>modo</span> <span class='ocrx_word' id='word_1_186' title='bbox 1462 2231 1523 2278; x_wconf 91' lang='lat' dir='ltr'>ad</span> <span class='ocrx_word' id='word_1_187' title='bbox 1547 2229 1666 2278; x_wconf 92' lang='lat' dir='ltr'>alios</span> <span class='ocrx_word' id='word_1_188' title='bbox 1689 2245 1801 2278; x_wconf 90' lang='lat' dir='ltr'>usus</span> <span class='ocrx_word' id='word_1_189' title='bbox 1824 2229 2124 2277; x_wconf 90' lang='lat' dir='ltr'>alienandum</span> <span class='ocrx_word' id='word_1_190' title='bbox 2151 2231 2303 2294; x_wconf 90' lang='lat' dir='ltr'>Super</span> <span class='ocrx_word' id='word_1_191' title='bbox 2331 2234 2431 2295; x_wconf 90' lang='lat' dir='ltr'>qui-</span> 
     </span>
     <span class='ocr_line' id='line_1_19' title="bbox 498 2318 2433 2384; baseline -0.003 -10"><span class='ocrx_word' id='word_1_192' title='bbox 498 2328 588 2374; x_wconf 92' lang='lat' dir='ltr'>bus</span> <span class='ocrx_word' id='word_1_193' title='bbox 611 2325 827 2373; x_wconf 89' lang='lat' dir='ltr'>omnibus</span> <span class='ocrx_word' id='word_1_194' title='bbox 851 2327 900 2371; x_wconf 88' lang='lat' dir='ltr'>et</span> <span class='ocrx_word' id='word_1_195' title='bbox 923 2321 1118 2384; x_wconf 89' lang='lat' dir='ltr'>singulis</span> <span class='ocrx_word' id='word_1_196' title='bbox 1141 2337 1171 2368; x_wconf 91' lang='lat' dir='ltr'>a</span> <span class='ocrx_word' id='word_1_197' title='bbox 1194 2336 1268 2368; x_wconf 90' lang='lat' dir='ltr'>me</span> <span class='ocrx_word' id='word_1_198' title='bbox 1292 2319 1479 2368; x_wconf 89' lang='lat' dir='ltr'>notario</span> <span class='ocrx_word' id='word_1_199' title='bbox 1503 2318 1692 2382; x_wconf 91' lang='lat' dir='ltr'>publico</span> <span class='ocrx_word' id='word_1_200' title='bbox 1717 2319 1982 2381; x_wconf 89' lang='lat' dir='ltr'>subscripto</span> <span class='ocrx_word' id='word_1_201' title='bbox 2006 2318 2218 2381; x_wconf 83' lang='lat' dir='ltr'>prefatus</span> <span class='ocrx_word' id='word_1_202' title='bbox 2242 2321 2433 2369; x_wconf 87' lang='lat' dir='ltr'>thezau-</span> 
     </span>
     <span class='ocr_line' id='line_1_20' title="bbox 505 2406 2435 2474; baseline -0.003 -11"><span class='ocrx_word' id='word_1_203' title='bbox 505 2415 658 2463; x_wconf 90' lang='lat' dir='ltr'>rarius</span> <span class='ocrx_word' id='word_1_204' title='bbox 680 2413 868 2461; x_wconf 93' lang='lat' dir='ltr'>nomine</span> <span class='ocrx_word' id='word_1_205' title='bbox 893 2416 942 2459; x_wconf 88' lang='lat' dir='ltr'>et</span> <span class='ocrx_word' id='word_1_206' title='bbox 966 2427 1026 2458; x_wconf 90' lang='lat' dir='ltr'>ex</span> <span class='ocrx_word' id='word_1_207' title='bbox 1052 2414 1188 2474; x_wconf 86' lang='lat' dir='ltr'>parte</span> <span class='ocrx_word' id='word_1_208' title='bbox 1214 2409 1382 2456; x_wconf 88' lang='lat' dir='ltr'>decani</span> <span class='ocrx_word' id='word_1_209' title='bbox 1417 2412 1466 2456; x_wconf 87' lang='lat' dir='ltr'>et</span> <span class='ocrx_word' id='word_1_210' title='bbox 1502 2407 1833 2456; x_wconf 90' lang='lat' dir='ltr'>canonicorum</span> <span class='ocrx_word' id='word_1_211' title='bbox 1869 2406 2065 2470; x_wconf 91' lang='lat' dir='ltr'>capituli</span> <span class='ocrx_word' id='word_1_212' title='bbox 2102 2407 2435 2458; x_wconf 86' lang='lat' dir='ltr'>Brechinensis</span> 
     </span>
     <span class='ocr_line' id='line_1_21' title="bbox 506 2495 2436 2566; baseline -0.004 -13"><span class='ocrx_word' id='word_1_213' title='bbox 506 2509 620 2553; x_wconf 90' lang='lat' dir='ltr'>tunc</span> <span class='ocrx_word' id='word_1_214' title='bbox 637 2501 924 2566; x_wconf 89' lang='lat' dir='ltr'>presentium</span> <span class='ocrx_word' id='word_1_215' title='bbox 943 2499 1032 2548; x_wconf 89' lang='lat' dir='ltr'>sibi</span> <span class='ocrx_word' id='word_1_216' title='bbox 1051 2497 1151 2546; x_wconf 90' lang='lat' dir='ltr'>fieri</span> <span class='ocrx_word' id='word_1_217' title='bbox 1169 2497 1310 2561; x_wconf 87' lang='lat' dir='ltr'>petiit</span> <span class='ocrx_word' id='word_1_218' title='bbox 1324 2496 1562 2560; x_wconf 89' lang='lat' dir='ltr'>publicum</span> <span class='ocrx_word' id='word_1_219' title='bbox 1582 2495 1944 2543; x_wconf 86' lang='lat' dir='ltr'>instrumentum</span> <span class='ocrx_word' id='word_1_220' title='bbox 1971 2522 1982 2532; x_wconf 90' lang='lat'><strong>·</strong></span> <span class='ocrx_word' id='word_1_221' title='bbox 2020 2523 2031 2532; x_wconf 94' lang='lat'><strong>·</strong></span> <span class='ocrx_word' id='word_1_222' title='bbox 2070 2522 2082 2533; x_wconf 91' lang='lat'><strong>·</strong></span> <span class='ocrx_word' id='word_1_223' title='bbox 2106 2496 2233 2544; x_wconf 92' lang='lat' dir='ltr'>Acta</span> <span class='ocrx_word' id='word_1_224' title='bbox 2248 2497 2436 2547; x_wconf 82' lang='lat' dir='ltr'>fuerunt</span> 
     </span>
     <span class='ocr_line' id='line_1_22' title="bbox 507 2582 2439 2653; baseline -0.003 -13"><span class='ocrx_word' id='word_1_225' title='bbox 507 2595 595 2640; x_wconf 89' lang='lat' dir='ltr'>hec</span> <span class='ocrx_word' id='word_1_226' title='bbox 619 2592 667 2638; x_wconf 93' lang='lat' dir='ltr'>in</span> <span class='ocrx_word' id='word_1_227' title='bbox 692 2589 901 2653; x_wconf 89' lang='lat' dir='ltr'>capitulo</span> <span class='ocrx_word' id='word_1_228' title='bbox 927 2585 1235 2635; x_wconf 90' lang='lat' dir='ltr'>Brechinensi</span> <span class='ocrx_word' id='word_1_229' title='bbox 1260 2585 1308 2632; x_wconf 93' lang='lat' dir='ltr'>in</span> <span class='ocrx_word' id='word_1_230' title='bbox 1332 2583 1542 2648; x_wconf 87' lang='lat' dir='ltr'>capitulo</span> <span class='ocrx_word' id='word_1_231' title='bbox 1565 2582 1773 2646; x_wconf 88' lang='lat' dir='ltr'>generali</span> <span class='ocrx_word' id='word_1_232' title='bbox 1796 2587 1911 2630; x_wconf 91' lang='lat' dir='ltr'>tunc</span> <span class='ocrx_word' id='word_1_233' title='bbox 1934 2583 2107 2631; x_wconf 91' lang='lat' dir='ltr'>ibidem</span> <span class='ocrx_word' id='word_1_234' title='bbox 2133 2600 2262 2632; x_wconf 91' lang='lat' dir='ltr'>more</span> <span class='ocrx_word' id='word_1_235' title='bbox 2297 2586 2439 2635; x_wconf 88' lang='lat' dir='ltr'>solito</span> 
     </span>
     <span class='ocr_line' id='line_1_23' title="bbox 508 2671 2436 2741; baseline -0.003 -12"><span class='ocrx_word' id='word_1_236' title='bbox 508 2684 557 2729; x_wconf 94' lang='lat' dir='ltr'>in</span> <span class='ocrx_word' id='word_1_237' title='bbox 581 2679 787 2729; x_wconf 88' lang='lat' dir='ltr'>crastino</span> <span class='ocrx_word' id='word_1_238' title='bbox 811 2677 978 2741; x_wconf 81' lang='lat' dir='ltr'>synodi</span> <span class='ocrx_word' id='word_1_239' title='bbox 1002 2678 1285 2738; x_wconf 88' lang='lat' dir='ltr'>congregato</span> <span class='ocrx_word' id='word_1_240' title='bbox 1308 2678 1357 2721; x_wconf 90' lang='lat' dir='ltr'>et</span> <span class='ocrx_word' id='word_1_241' title='bbox 1381 2676 1517 2721; x_wconf 88' lang='lat' dir='ltr'>tento</span> <span class='ocrx_word' id='word_1_242' title='bbox 1540 2672 1626 2721; x_wconf 91' lang='lat' dir='ltr'>sub</span> <span class='ocrx_word' id='word_1_243' title='bbox 1650 2687 1774 2719; x_wconf 89' lang='lat' dir='ltr'>anuo</span> <span class='ocrx_word' id='word_1_244' title='bbox 1799 2671 1875 2718; x_wconf 93' lang='lat' dir='ltr'>die</span> <span class='ocrx_word' id='word_1_245' title='bbox 1899 2687 2059 2719; x_wconf 90' lang='lat' dir='ltr'>mense</span> <span class='ocrx_word' id='word_1_246' title='bbox 2094 2671 2351 2722; x_wconf 89' lang='lat' dir='ltr'>indictione</span> <span class='ocrx_word' id='word_1_247' title='bbox 2387 2681 2436 2723; x_wconf 89' lang='lat' dir='ltr'>et</span> 
     </span>
     <span class='ocr_line' id='line_1_24' title="bbox 511 2759 2441 2834; baseline -0.004 -16"><span class='ocrx_word' id='word_1_248' title='bbox 511 2770 788 2834; x_wconf 86' lang='lat' dir='ltr'>pontificatu</span> <span class='ocrx_word' id='word_1_249' title='bbox 813 2767 982 2830; x_wconf 92' lang='lat' dir='ltr'>quibus</span> <span class='ocrx_word' id='word_1_250' title='bbox 1004 2781 1147 2828; x_wconf 89' lang='lat' dir='ltr'>supra</span> <span class='ocrx_word' id='word_1_251' title='bbox 1179 2762 1478 2827; x_wconf 89' lang='lat' dir='ltr'>presentibus</span> <span class='ocrx_word' id='word_1_252' title='bbox 1512 2761 1685 2808; x_wconf 92' lang='lat' dir='ltr'>ibidem</span> <span class='ocrx_word' id='word_1_253' title='bbox 1718 2759 2061 2807; x_wconf 87' lang='lat' dir='ltr'>venerabilibus</span> <span class='ocrx_word' id='word_1_254' title='bbox 2095 2760 2207 2808; x_wconf 85' lang='lat' dir='ltr'>viris</span> <span class='ocrx_word' id='word_1_255' title='bbox 2241 2763 2441 2812; x_wconf 91' lang='lat' dir='ltr'>dominis</span> 
     </span>
     <span class='ocr_line' id='line_1_25' title="bbox 515 2847 2441 2912; baseline -0.003 -6"><span class='ocrx_word' id='word_1_256' title='bbox 515 2858 780 2907; x_wconf 90' lang='lat' dir='ltr'>Cuthberto</span> <span class='ocrx_word' id='word_1_257' title='bbox 805 2857 983 2903; x_wconf 89' lang='lat' dir='ltr'>decano</span> <span class='ocrx_word' id='word_1_258' title='bbox 1010 2852 1228 2902; x_wconf 89' lang='lat' dir='ltr'>Gilberto</span> <span class='ocrx_word' id='word_1_259' title='bbox 1255 2854 1450 2899; x_wconf 81' lang='lat' dir='ltr'>cantore</span> <span class='ocrx_word' id='word_1_260' title='bbox 1476 2849 1706 2898; x_wconf 89' lang='lat' dir='ltr'>Gaufrido</span> <span class='ocrx_word' id='word_1_261' title='bbox 1731 2847 2015 2896; x_wconf 88' lang='lat' dir='ltr'>cancellario</span> <span class='ocrx_word' id='word_1_262' title='bbox 2049 2849 2249 2912; x_wconf 87' lang='lat' dir='ltr'>Hugone</span> <span class='ocrx_word' id='word_1_263' title='bbox 2273 2852 2441 2900; x_wconf 92' lang='lat' dir='ltr'>subde-</span> 
     </span>
     <span class='ocr_line' id='line_1_26' title="bbox 514 2935 2442 3004; baseline -0.003 -10"><span class='ocrx_word' id='word_1_264' title='bbox 514 2962 633 2994; x_wconf 86' lang='lat' dir='ltr'>cano</span> <span class='ocrx_word' id='word_1_265' title='bbox 655 2945 688 2991; x_wconf 87' lang='lat' dir='ltr'><strong>J</strong></span> <span class='ocrx_word' id='word_1_266' title='bbox 693 2945 876 2992; x_wconf 89' lang='lat' dir='ltr'>ohanne</span> <span class='ocrx_word' id='word_1_267' title='bbox 916 2941 1037 2990; x_wconf 87' lang='lat' dir='ltr'>Steil</span> <span class='ocrx_word' id='word_1_268' title='bbox 1076 2939 1388 3004; x_wconf 89' lang='lat' dir='ltr'>prebendario</span> <span class='ocrx_word' id='word_1_269' title='bbox 1426 2939 1484 2985; x_wconf 92' lang='lat' dir='ltr'>de</span> <span class='ocrx_word' id='word_1_270' title='bbox 1522 2937 1728 2984; x_wconf 87' lang='lat' dir='ltr'>Kilmoir</span> <span class='ocrx_word' id='word_1_271' title='bbox 1764 2935 2008 2983; x_wconf 92' lang='lat' dir='ltr'>Willelmo</span> <span class='ocrx_word' id='word_1_272' title='bbox 2042 2936 2220 2985; x_wconf 88' lang='lat' dir='ltr'>Hawik</span> <span class='ocrx_word' id='word_1_273' title='bbox 2246 2940 2442 3002; x_wconf 92' lang='lat' dir='ltr'>preben-</span> 
     </span>
     <span class='ocr_line' id='line_1_27' title="bbox 516 3025 2442 3089; baseline -0.003 -7"><span class='ocrx_word' id='word_1_274' title='bbox 516 3035 651 3082; x_wconf 88' lang='lat' dir='ltr'>dario</span> <span class='ocrx_word' id='word_1_275' title='bbox 675 3034 733 3080; x_wconf 93' lang='lat' dir='ltr'>de</span> <span class='ocrx_word' id='word_1_276' title='bbox 759 3031 942 3079; x_wconf 89' lang='lat' dir='ltr'>Guthre</span> <span class='ocrx_word' id='word_1_277' title='bbox 969 3029 1213 3077; x_wconf 89' lang='lat' dir='ltr'>Willelmo</span> <span class='ocrx_word' id='word_1_278' title='bbox 1238 3029 1296 3075; x_wconf 92' lang='lat' dir='ltr'>de</span> <span class='ocrx_word' id='word_1_279' title='bbox 1323 3025 1615 3089; x_wconf 84' lang='lat' dir='ltr'>Heslyhoipe</span> <span class='ocrx_word' id='word_1_280' title='bbox 1639 3029 1822 3072; x_wconf 88' lang='lat' dir='ltr'>rectore</span> <span class='ocrx_word' id='word_1_281' title='bbox 1847 3025 1905 3072; x_wconf 88' lang='lat' dir='ltr'>de</span> <span class='ocrx_word' id='word_1_282' title='bbox 1930 3025 2204 3089; x_wconf 87' lang='lat' dir='ltr'>Cortoquhy</span> <span class='ocrx_word' id='word_1_283' title='bbox 2230 3027 2442 3077; x_wconf 87' lang='lat' dir='ltr'>Roberto</span> 
     </span>
     <span class='ocr_line' id='line_1_28' title="bbox 521 3111 2446 3186; baseline -0.004 -15"><span class='ocrx_word' id='word_1_284' title='bbox 521 3122 696 3186; x_wconf 86' lang='lat' dir='ltr'>Wylye</span> <span class='ocrx_word' id='word_1_285' title='bbox 745 3120 919 3167; x_wconf 87' lang='lat' dir='ltr'>vicario</span> <span class='ocrx_word' id='word_1_286' title='bbox 957 3119 1015 3165; x_wconf 90' lang='lat' dir='ltr'>de</span> <span class='ocrx_word' id='word_1_287' title='bbox 1055 3116 1353 3165; x_wconf 88' lang='lat' dir='ltr'>Kilcoldrum</span> <span class='ocrx_word' id='word_1_288' title='bbox 1389 3115 1423 3161; x_wconf 90' lang='lat' dir='ltr'>J</span> <span class='ocrx_word' id='word_1_289' title='bbox 1427 3114 1611 3163; x_wconf 90' lang='lat' dir='ltr'>ohanne</span> <span class='ocrx_word' id='word_1_290' title='bbox 1649 3111 1880 3160; x_wconf 90' lang='lat' dir='ltr'>Willelmi</span> <span class='ocrx_word' id='word_1_291' title='bbox 1916 3112 2104 3160; x_wconf 90' lang='lat' dir='ltr'>officiali</span> <span class='ocrx_word' id='word_1_292' title='bbox 2138 3115 2446 3166; x_wconf 87' lang='lat' dir='ltr'>Brechinensi</span> 
     </span>
     <span class='ocr_line' id='line_1_29' title="bbox 518 3200 2443 3270; baseline -0.003 -11"><span class='ocrx_word' id='word_1_293' title='bbox 518 3212 551 3258; x_wconf 87' lang='lat' dir='ltr'><strong>J</strong></span> <span class='ocrx_word' id='word_1_294' title='bbox 555 3211 739 3259; x_wconf 85' lang='lat' dir='ltr'>ohanne</span> <span class='ocrx_word' id='word_1_295' title='bbox 765 3207 1021 3270; x_wconf 85' lang='lat' dir='ltr'>Guydfallo</span> <span class='ocrx_word' id='word_1_296' title='bbox 1045 3206 1219 3254; x_wconf 88' lang='lat' dir='ltr'>vicario</span> <span class='ocrx_word' id='word_1_297' title='bbox 1255 3205 1315 3252; x_wconf 94' lang='lat' dir='ltr'>de</span> <span class='ocrx_word' id='word_1_298' title='bbox 1350 3203 1638 3265; x_wconf 86' lang='lat' dir='ltr'>Glenberwy</span> <span class='ocrx_word' id='word_1_299' title='bbox 1673 3200 1948 3248; x_wconf 82' lang='lat' dir='ltr'>Alexandro</span> <span class='ocrx_word' id='word_1_300' title='bbox 1985 3201 2162 3249; x_wconf 87' lang='lat' dir='ltr'>Thome</span> <span class='ocrx_word' id='word_1_301' title='bbox 2187 3203 2361 3251; x_wconf 85' lang='lat' dir='ltr'>vicario</span> <span class='ocrx_word' id='word_1_302' title='bbox 2386 3207 2443 3253; x_wconf 92' lang='lat' dir='ltr'>de</span> 
     </span>
     <span class='ocr_line' id='line_1_30' title="bbox 521 3289 2444 3354; baseline -0.004 -6"><span class='ocrx_word' id='word_1_303' title='bbox 521 3299 798 3348; x_wconf 86' lang='lat' dir='ltr'>Stracathro</span> <span class='ocrx_word' id='word_1_304' title='bbox 833 3312 937 3344; x_wconf 90' lang='lat' dir='ltr'>cum</span> <span class='ocrx_word' id='word_1_305' title='bbox 977 3294 1138 3343; x_wconf 92' lang='lat' dir='ltr'>multis</span> <span class='ocrx_word' id='word_1_306' title='bbox 1175 3293 1282 3341; x_wconf 90' lang='lat' dir='ltr'>aliis</span> <span class='ocrx_word' id='word_1_307' title='bbox 1317 3296 1416 3340; x_wconf 88' lang='lat' dir='ltr'>tam</span> <span class='ocrx_word' id='word_1_308' title='bbox 1456 3293 1514 3339; x_wconf 90' lang='lat' dir='ltr'>de</span> <span class='ocrx_word' id='word_1_309' title='bbox 1539 3289 1744 3354; x_wconf 84' lang='lat' dir='ltr'>dyoecesi</span> <span class='ocrx_word' id='word_1_310' title='bbox 1767 3305 1908 3353; x_wconf 90' lang='lat' dir='ltr'>quam</span> <span class='ocrx_word' id='word_1_311' title='bbox 1941 3290 2000 3337; x_wconf 93' lang='lat' dir='ltr'>de</span> <span class='ocrx_word' id='word_1_312' title='bbox 2035 3290 2292 3353; x_wconf 88' lang='lat' dir='ltr'>capellanis</span> <span class='ocrx_word' id='word_1_313' title='bbox 2315 3293 2444 3341; x_wconf 88' lang='lat' dir='ltr'>chori</span> 
     </span>
    </p>
   </div>
  </div>
 </body>
</html>
