2950 3970
530 633 602 686 28
683 631 1146 686 REGISTRUM
1184 631 1724 687 EPISCOPATUS
1765 630 2358 688 BRECHINENSIS.

534 909 816 972 Preceptum
851 907 1276 971 perambulacionis
1311 907 1511 955 Roberti
1548 907 1680 954 ducis
1715 906 1917 954 Albanie
1951 908 2012 954 ad
2046 908 2463 971 perambulandum

665 996 841 1045 limites
875 999 924 1044 et
960 995 1136 1044 diuisas
1170 995 1295 1043 inter
1326 999 1481 1043 terras
1515 995 1866 1043 communitatis
1900 996 2106 1059 episcopi
2131 996 2464 1046 Brechinensis

617 1090 622 1094 ’
667 1089 717 1133 et
751 1084 949 1132 aliorum
989 1088 1042 1131 ut
1083 1084 1131 1131 in
1173 1083 1338 1131 eodem
1374 1082 1643 1131 continetur
1679 1082 1958 1131 Alexandro
1994 1083 2163 1147 Ogilby
2197 1086 2463 1134 vicecomiti

670 1175 728 1220 de
753 1173 922 1220 Forfar
945 1172 1192 1220 commisso
1230 1199 1239 1209 ·

445 1340 506 1385 21
541 1316 819 1397 Robertus
852 1350 949 1395 dux
986 1347 1187 1395 Albanie
1223 1363 1380 1396 comes
1414 1348 1472 1396 de
1509 1347 1593 1395 Fif
1622 1351 1671 1396 et
1707 1348 1765 1394 de
1803 1347 2041 1396 Manteith
2067 1364 2124 1396 ac
2148 1350 2278 1413 regni
2302 1351 2462 1399 Scotie

533 1438 820 1501 gubernator
857 1465 867 1474 ·
907 1464 916 1474 ·
956 1464 966 1474 ·
1003 1435 1180 1484 Sciatis
1210 1436 1335 1499 quod
1369 1435 1570 1484 fecimus
1607 1464 1617 1473 ·
1657 1464 1666 1473 ·
1707 1464 1716 1473 ·
1751 1440 1800 1483 et
1839 1451 1925 1499 per
1954 1441 2199 1500 presentes
2233 1439 2464 1487 ordinavi-

469 1539 472 1543 ’
534 1543 637 1574 mus
677 1525 899 1574 dilectum
942 1528 1153 1573 nostrum
1195 1524 1518 1572 Alexandrum
1562 1525 1621 1573 de
1656 1523 1828 1587 Ogiluy
1863 1526 1921 1572 de
1957 1524 2310 1576 Onchterhouss
2342 1528 2465 1575 vice-

535 1616 755 1663 comitem
791 1615 849 1662 de
886 1614 1056 1662 Forfar
1081 1613 1336 1675 justiciarii
1371 1613 1660 1677 assignatum
1695 1613 1818 1661 infra
1850 1614 2228 1663 vicecomitatum
2266 1618 2325 1664 de
2350 1616 2467 1665 For-

533 1704 607 1751 far
645 1702 860 1766 predicto
901 1701 1172 1765 specialiter
1214 1703 1491 1765 deputatum
1531 1731 1540 1739 -
1578 1702 1764 1751 Dantes
1804 1706 1854 1751 et
1894 1704 2209 1753 concedentes
2254 1710 2463 1754 nostram

535 1792 723 1855 plenam
762 1795 1047 1855 potestatem
1089 1794 1138 1838 et
1180 1791 1454 1838 mandatum
1495 1790 1699 1853 speciale
1740 1791 1801 1838 ad
1841 1791 2258 1854 perambulandum
2308 1799 2465 1843 rectas

538 1885 688 1928 metas
712 1884 761 1928 et
786 1879 962 1927 diuisas
986 1878 1110 1926 inter
1132 1882 1287 1926 terras
1322 1879 1380 1925 de
1418 1877 1692 1941 Ballewnye
1717 1895 1807 1941 que
1831 1883 1941 1927 sunt
1966 1880 2211 1927 reuerendi
2234 1881 2283 1928 in
2308 1882 2465 1932 Cristo

537 1968 687 2031 patris
723 1967 929 2015 Walteri
964 1966 1172 2030 episcopi
1208 1966 1540 2014 Brechinensis
1575 1983 1634 2014 ex
1670 1971 1806 2030 parte
1830 1984 1923 2014 una
1960 1995 1970 2004 ·
2008 1968 2074 2015 Et
2097 1971 2250 2018 terras
2274 1971 2466 2019 dominii

539 2057 597 2103 de
623 2057 844 2103 Menmur
866 2071 955 2119 que
980 2059 1089 2103 sunt
1126 2054 1332 2102 Walteri
1356 2054 1603 2103 senescalli
1628 2055 1816 2104 comitis
1843 2055 2036 2104 Atholie
2072 2073 2132 2104 ex
2167 2063 2303 2121 parte
2327 2077 2420 2108 una
2458 2090 2467 2099 ·

541 2146 607 2192 Et
643 2145 768 2192 inter
789 2148 943 2192 terras
981 2144 1038 2191 de
1076 2142 1313 2191 Fernvvell
1350 2147 1399 2190 et
1439 2142 1809 2207 Litilpetcorthy
1846 2161 1936 2208 que
1974 2149 2083 2194 sunt
2110 2146 2237 2196 dicti
2263 2149 2468 2197 Walteri

540 2233 747 2297 episcopi
795 2248 856 2279 ex
891 2236 1027 2295 parte
1059 2247 1153 2278 una
1189 2259 1199 2269 ·
1239 2231 1303 2278 Et
1336 2224 1490 2279 terras
1523 2231 1582 2278 de
1619 2231 1952 2280 Pettintoscall
1988 2250 2078 2296 que
2114 2239 2224 2283 sunt
2260 2236 2468 2285 eiusdem

541 2321 727 2370 comitis
761 2338 822 2368 ex
857 2325 993 2384 parte
1017 2320 1170 2368 altera
1209 2319 1403 2367 Necnon
1442 2323 1491 2367 et
1530 2320 1655 2367 inter
1676 2324 1830 2369 terras
1855 2322 1914 2368 de
1939 2321 2207 2370 Estirdrum
2245 2341 2336 2387 que
2360 2331 2469 2374 sunt

541 2409 656 2456 dicti
686 2408 893 2456 Walteri
930 2409 1137 2472 episcopi
1174 2424 1236 2457 ex
1275 2412 1410 2471 parte
1446 2425 1540 2456 una
1574 2413 1623 2456 et
1657 2413 1811 2457 terras
1849 2410 1906 2458 de
1945 2411 2199 2475 Buthirgill
2237 2429 2326 2477 que
2361 2419 2471 2462 sunt

542 2497 653 2545 dicti
690 2496 878 2545 comitis
902 2513 962 2544 ex
987 2501 1123 2560 parte
1154 2496 1307 2544 altera
1334 2497 1552 2558 jacentes
1586 2497 1708 2545 infra
1743 2498 2124 2547 vicecomitatum
2159 2502 2422 2564 predictum
2461 2532 2471 2540 ·

543 2586 699 2640 Quare
737 2585 953 2634 omnibus
987 2589 1037 2632 et
1073 2585 1266 2648 singulis
1301 2585 1683 2633 vicecomitatum
1719 2586 1984 2648 predictum
2018 2587 2394 2638 inhabitantibus
2416 2607 2472 2637 ac

543 2674 714 2722 ceteris
755 2690 949 2737 quorum
991 2674 1190 2722 interest
1228 2702 1238 2711 ·
1278 2702 1287 2711 ·
1327 2701 1336 2710 ·
1372 2674 1651 2738 mandamus
1700 2677 1932 2736 quatenus
1973 2676 2158 2738 prefato
2200 2677 2474 2726 Alexandro

541 2767 766 2825 tanquam
801 2762 834 2808 J
839 2762 1080 2810 usticiario
1117 2763 1357 2825 assignato
1397 2762 1444 2808 in
1483 2748 1699 2808 omnibus
1723 2765 1772 2809 et
1795 2762 1989 2824 singulis
2014 2763 2190 2811 dictam
2225 2767 2472 2828 perambu-

541 2850 766 2898 lationem
783 2851 1085 2913 tangentibus
1099 2855 1316 2915 prompte
1334 2850 1650 2913 respondeant
1668 2854 1866 2912 pareant
1885 2853 1934 2898 et
1953 2850 2202 2900 intendant
2241 2881 2250 2890 ·
2288 2854 2469 2902 Datum

543 2939 627 2987 sub
651 2939 927 2987 testimonio
950 2940 1107 3002 magni
1131 2939 1272 3002 sigilli
1296 2938 1436 2986 officii
1459 2936 1610 2986 nostri
1632 2937 1758 3000 apud
1784 2937 1930 2985 Perth
1954 2938 2175 2988 vicesimo
2199 2941 2275 2989 die
2299 2944 2473 2992 mensis

541 3032 573 3077 J
579 3030 661 3078 ulii
684 3047 808 3078 anno
833 3031 1027 3079 Domini
1050 3031 1301 3081 millesimo
1325 3029 1786 3096 quadringentesimo
1811 3031 1993 3080 decimo
2032 3060 2041 3070 ·
2079 3033 2145 3081 Et
2168 3035 2473 3096 gubernacio-

542 3119 615 3167 nis
645 3123 806 3167 nostre
841 3135 964 3168 anno
989 3120 1155 3183 quinto
1192 3149 1201 3158 ·
