2950 3970
597 613 1059 670 REGISTRUM
1098 614 1640 673 EPISCOPATUS
1680 619 2277 678 BRECHINENSIS.
2328 624 2438 678 225

517 803 651 848 terea
674 801 778 850 volo
802 806 851 850 et
875 805 1081 852 concedo
1105 821 1188 868 pro
1214 822 1286 853 me
1311 806 1559 854 heredibus
1596 807 1711 854 meis
1734 812 1783 854 et
1807 808 2054 870 assignatis
2089 810 2430 872 quotienscum-

516 905 606 951 que
653 905 765 938 casu
811 907 903 954 quo
948 892 1158 955 predicte
1199 897 1308 941 octo
1353 909 1508 941 marce
1556 894 1696 942 annui
1744 895 1954 943 redditus
1999 896 2070 943 vel
2117 896 2276 960 aliqua
2320 913 2429 960 pars

515 977 722 1025 eiusdem
771 979 899 1027 dicto
945 980 1187 1043 capellano
1234 1018 1244 1027 .
1300 1018 1310 1027 .
1361 1017 1371 1026 .
1426 983 1635 1030 concessi
1680 999 1764 1046 per
1808 999 1881 1030 me
1929 984 2123 1032 heredes
2171 1000 2299 1032 meos
2346 989 2427 1031 aut

513 1067 776 1128 assignatos
800 1067 1150 1130 quomodolibet
1180 1068 1489 1117 subtrahatur
1522 1069 1762 1116 auferatur
1786 1069 1858 1117 vel
1892 1074 2112 1118 teneatur
2134 1072 2180 1118 in
2204 1071 2425 1119 lesionem

512 1154 764 1204 elemosine
821 1172 924 1204 mee
970 1156 1182 1219 predicte
1230 1157 1353 1219 quod
1400 1156 1524 1204 absit
1565 1158 1688 1219 quod
1731 1157 1944 1204 dominus
1993 1159 2049 1204 de
2099 1159 2332 1207 Panmwir
2376 1164 2424 1206 et

510 1243 707 1291 heredes
741 1235 812 1291 sui
852 1272 861 1281 ·
901 1272 910 1281 ·
950 1272 960 1280 ·
995 1234 1218 1306 tanquam
1243 1244 1340 1292 veri
1364 1243 1584 1307 legittimi
1607 1245 1793 1307 patroni
1824 1244 2020 1293 heredes
2057 1262 2185 1295 meos
2208 1251 2256 1294 et
2280 1247 2425 1309 assig-

509 1335 648 1379 natos
686 1347 743 1381 ac
784 1331 902 1380 alios
937 1347 1252 1395 quoscumque
1287 1332 1334 1378 in
1377 1331 1661 1379 contrarium
1692 1331 1813 1379 hanc
1847 1332 2145 1380 donationem
2175 1334 2422 1382 deuenien-

505 1422 581 1467 tes
615 1419 762 1467 citare
802 1447 811 1456 ·
851 1447 860 1457 ·
901 1448 909 1456 ·
946 1424 995 1467 et
1030 1418 1309 1482 compellere
1349 1419 1504 1467 valeat
1545 1423 1593 1466 et
1634 1419 1821 1467 valeant
1856 1436 2006 1467 meam
2044 1421 2339 1469 donationem
2373 1427 2421 1469 et

505 1508 855 1556 concessionem
891 1507 1151 1571 predictam
1189 1506 1523 1554 inuiolabiliter
1560 1507 1896 1570 imperpetuum
1939 1508 2185 1555 obseruare
2228 1508 2421 1571 inquan-

503 1600 604 1643 tum
640 1595 846 1659 pertinet
883 1595 1158 1658 cuicumque
1194 1599 1393 1657 patrono
1430 1595 1488 1642 de
1519 1594 1627 1655 jure
1666 1622 1675 1631 ·
1714 1594 1872 1642 Etiam
1896 1595 1935 1642 si
1960 1595 2199 1658 contingat
2223 1597 2419 1644 heredes

503 1699 633 1732 meos
656 1699 758 1732 esse
781 1682 1069 1746 negligentes
1093 1683 1216 1746 quod
1241 1683 1365 1730 absit
1397 1686 1446 1729 et
1481 1683 1528 1728 in
1563 1681 1845 1729 contrarium
1869 1682 2005 1730 huius
2029 1699 2130 1730 mee
2154 1684 2418 1731 donationis

506 1799 515 1808 ·
555 1800 564 1809 ·
603 1799 613 1809 ·
650 1771 870 1819 deuenire
905 1775 958 1818 ut
994 1786 1099 1818 mea
1134 1770 1325 1817 donatio
1360 1770 1482 1833 apud
1520 1785 1600 1817 eos
1633 1769 1789 1816 valida
1812 1786 2050 1818 remanere
2074 1786 2165 1818 non
2189 1771 2342 1819 valeat
2366 1776 2415 1819 et

501 1859 727 1907 obstinati
749 1859 925 1907 fuerint
949 1875 1033 1922 per
1055 1858 1232 1906 dictum
1257 1857 1524 1920 episcopum
1544 1857 1905 1906 Brechinensem
1930 1862 1978 1905 et
2002 1858 2104 1906 eius
2126 1874 2416 1907 successores

499 1952 575 1996 ter
615 1947 828 2011 requisiti
865 1951 914 1994 et
955 1963 1046 1994 non
1089 1946 1435 1994 satisfacientes
1480 1946 1721 1992 emendam
1763 1961 1913 2009 neque
1955 1947 2260 1995 reformantes
2297 1948 2417 1995 infra

499 2037 809 2099 quadraginta
855 2035 955 2083 dies
999 2035 1214 2098 proximo
1260 2033 1529 2081 immediate
1579 2049 1709 2081 suam
1770 2033 2115 2097 requisitionem
2168 2039 2417 2097 sequentes

498 2124 602 2172 volo
644 2140 725 2172 eos
763 2140 848 2187 per
887 2138 1110 2172 censuras
1149 2121 1493 2170 ecclesiasticas
1532 2137 1616 2184 per
1655 2121 1833 2168 dictum
1874 2121 2109 2168 dominum
2146 2121 2412 2184 episcopum

549 2242 560 2250 -
600 2241 609 2250 ·
645 2213 706 2260 ad
730 2211 1104 2259 obseruationem
1129 2226 1231 2257 mee
1255 2209 1420 2257 ultime
1444 2208 1699 2257 voluntatis
1723 2208 1987 2256 donationis
2021 2212 2068 2255 et
2103 2209 2413 2256 concessionis

498 2317 600 2348 mee
635 2300 847 2363 predicte
883 2299 1047 2347 stricte
1082 2297 1423 2360 compellantur
1470 2300 1519 2343 et
1569 2297 1765 2344 heredes
1810 2296 1907 2342 mei'
1940 2296 2030 2342 hac
2063 2296 2163 2342 vice
2208 2299 2413 2343 tantum-

498 2390 637 2436 modo
661 2405 690 2435 a
706 2388 812 2449 jure
836 2390 1115 2450 patronatus
1138 2389 1446 2433 amoueantur
1483 2413 1492 2422 ·
1531 2384 1653 2431 Volo
1677 2384 1819 2432 etIam
1858 2387 1907 2430 et
1944 2383 2108 2431 ordino
2146 2383 2410 2446 episcopum

500 2477 865 2525 Brechinensem
892 2476 970 2539 qui
995 2491 1080 2538 pro
1103 2478 1316 2537 tempore
1340 2473 1484 2521 fuerit
1508 2473 1798 2520 visitatorem
1822 2487 1925 2518 mee
1949 2470 2207 2534 capellanie
2231 2475 2283 2518 ut
2307 2487 2410 2518 mea

499 2567 691 2615 donatio
730 2565 937 2612 eiusdem
975 2561 1306 2611 inviolabiliter
1343 2561 1682 2624 imperpetuum
1707 2559 1978 2607 observetur
2012 2561 2060 2604 et
2094 2558 2288 2605 firmiter
2311 2574 2412 2606 cus-

497 2655 711 2703 todiatur
748 2682 757 2690 ·
801 2651 919 2699 Volo
959 2651 1150 2713 insuper
1194 2650 1317 2713 quod
1358 2649 1398 2697 si
1439 2648 1680 2710 contingat
1725 2662 1798 2692 me
1844 2645 2040 2692 heredes
2084 2648 2166 2692 aut
2211 2644 2410 2707 aliquem

499 2744 772 2798 amicorumv
793 2745 1057 2789 nostrorum
1095 2738 1399 2801 imposterum
1438 2735 1675 2782 infeodare
1712 2732 1951 2780 annuatim
1992 2731 2144 2780 dictos
2182 2731 2409 2795 capellam

499 2837 548 2880 et
572 2830 864 2895 capellanum
904 2857 912 2865 -
952 2856 962 2865 ·
1000 2855 1011 2866 ι
1047 2843 1151 2874 cum
1175 2824 1483 2889 quadraginta
1506 2822 1667 2871 solidis
1689 2820 1831 2868 annui
1857 2819 2067 2867 redditus
2100 2823 2182 2866 aut
2220 2835 2276 2866 eo
2313 2835 2409 2866 am-

498 2921 623 2984 plius
663 2919 711 2966 in
751 2917 857 2966 loco
898 2915 1204 2963 conueniente
1243 2917 1357 2960 tunc
1399 2927 1484 2973 ego
1523 2909 1761 2973 predictus
1801 2907 1959 2954 Dauid
2000 2910 2049 2955 et
2087 2907 2281 2954 heredes
2314 2908 2406 2954 mei

499 3007 882 3056 exonerabuntur
921 3005 978 3051 de
1019 3002 1112 3050 illis
1152 2999 1460 3064 quadraginta
1500 2997 1660 3046 solidis
1694 2995 1835 3044 annui
1870 2994 2080 3042 redditus
2113 3009 2197 3057 pro
2243 2994 2410 3057 quibus

499 3100 656 3144 cetere
691 3098 816 3141 terre
852 3108 955 3140 mee
991 3092 1048 3138 de
1086 3088 1311 3151 Kermyle
1347 3086 1554 3134 manerio
1587 3100 1692 3131 meo
1726 3087 1775 3130 et
1809 3082 2075 3130 molendino
2098 3081 2304 3129 eiusdem
2329 3098 2410 3130 ex-

499 3183 650 3246 ceptis
673 3183 906 3229 duntaxat
931 3182 1183 3227 onerantur
1220 3205 1229 3214 ·
1267 3174 1389 3222 Volo
1424 3174 1566 3221 etiam
1603 3171 1724 3235 quod
1761 3170 2145 3234 quandocumque
2169 3169 2407 3232 contingat

499 3288 571 3319 me
595 3275 677 3318 aut
702 3285 919 3334 sponsam
946 3283 1097 3315 meam
1122 3266 1351 3329 prefatam
1387 3262 1446 3309 ab
1481 3261 1569 3308 hac
1592 3260 1696 3308 luce
1721 3259 1917 3321 migrare
1941 3258 2000 3305 ad
2028 3257 2261 3305 dominum
2288 3260 2408 3320 quod

1429 3349 1492 3396 29
