2950 3970
621 616 1087 672 REGISTRUM
1124 619 1661 676 EPISOOPATUS
1701 622 2289 680 BREOHINENSIS.
2346 625 2418 678 25

498 804 624 866 quod
663 803 705 852 si
747 805 903 854 dictus
938 821 1122 855 annuus
1159 809 1371 857 redditus
1407 846 1416 856 .
1454 846 1465 856 .
1502 847 1512 857 .
1549 811 1610 858 ad
1653 811 1806 859 dictos
1829 811 2055 859 terminos
2092 847 2102 857 .
2140 846 2150 857 .
2187 847 2198 857 .
2233 826 2326 859 non
2349 826 2423 858 so-

498 891 658 939 luatur
701 892 865 942 licebit
913 898 1091 943 extunc
1138 897 1266 945 dicto
1313 898 1556 962 capellano
1603 899 1704 947 sine
1745 898 1939 947 licentia
1983 898 2179 947 alicuius
2223 898 2426 947 ministri

499 980 738 1043 predictas
783 986 937 1032 terras
984 984 1043 1030 de
1103 984 1370 1047 Melginche
1417 987 1619 1050 Bagraw
1665 991 1713 1035 et
1762 987 2080 1035 molendinum
2126 986 2317 1034 baronie
2365 987 2423 1032 de

502 1068 771 1132 Melginche
812 1086 917 1118 cum
958 1071 1258 1134 pertinentiis
1298 1074 1574 1138 distringere
1615 1079 1664 1123 et
1705 1091 1894 1123 namare
1929 1090 2168 1138 quousque
2203 1075 2262 1121 de
2297 1073 2425 1121 dicto

501 1172 656 1205 annuo
697 1158 886 1206 redditu
927 1159 1016 1206 sibi
1058 1161 1301 1209 annuatim
1339 1162 1482 1210 fuerit
1528 1163 1837 1211 satisfactum.
1907 1163 1966 1209 In
2007 1163 2138 1210 cuius
2178 1162 2245 1209 rei
2292 1162 2426 1210 testi-

502 1246 708 1293 monium
731 1246 940 1310 presenti
965 1251 1096 1295 carte
1121 1264 1223 1296 mee
1249 1249 1450 1311 sigillum
1474 1266 1627 1297 meum
1652 1254 1725 1299 est
1749 1267 2020 1314 appensum.
2091 1251 2231 1313 Apud
2256 1249 2426 1297 Dunde

503 1335 686 1383 decimo
722 1335 799 1382 die
834 1335 1008 1384 mensis
1049 1335 1327 1385 Decembris
1360 1353 1483 1386 anno
1519 1338 1716 1386 Domini
1750 1337 1995 1386 millesimo
2032 1337 2428 1400 quadringentesi-

504 1440 581 1472 mo
621 1428 760 1472 sexto
800 1424 902 1472 hiis*
931 1424 1136 1473 testibus
1182 1425 1382 1473 dominis
1429 1425 1671 1474 Willelmo
1717 1430 1766 1474 et
1815 1426 2031 1474 Waltero
2078 1427 2135 1473 de
2178 1426 2428 1488 Lyndesay

505 1512 735 1561 militibus
774 1512 999 1561 fratribus
1041 1513 1160 1560 meis
1195 1513 1469 1562 Alexandro
1510 1515 1567 1561 de
1610 1515 1861 1577 Lyndesay
1894 1513 2202 1576 primogenito
2237 1528 2342 1560 meo
2380 1517 2428 1560 et

506 1601 680 1649 herede
719 1601 754 1648 J
758 1601 940 1649 ohanne
980 1601 1232 1649 Mortimer
1270 1602 1425 1649 Adam
1451 1601 1594 1650 Clerk
1634 1606 1682 1650 et
1725 1601 1967 1650 Willelmo
2011 1601 2127 1649 Man
2168 1601 2432 1649 Secretario

507 1706 614 1738 meo
638 1706 745 1738 cum
769 1689 931 1737 multis
954 1688 1060 1738 aliis
1098 1718 1107 1728 ·

511 1891 818 1939 Confirmatio
843 1890 1112 1939 donationis
1146 1894 1379 1938 terrarum
1420 1891 1478 1938 de
1520 1890 1793 1954 Cortoquhy
1831 1890 1993 1938 comiti
2018 1889 2208 1937 Atholie
2235 1903 2431 1936 unacum

510 1979 826 2028 aduocatione
853 1979 1052 2027 ecclesie
1091 2007 1101 2017 ·

425 2136 486 2183 19
518 2116 798 2193 Robertus
821 2137 919 2184 dux
944 2137 1146 2184 Albanie
1184 2151 1341 2185 comes
1364 2137 1423 2183 de
1449 2135 1561 2198 Fyff
1594 2138 1642 2182 et
1684 2135 1741 2181 de
1784 2133 2022 2181 Manteith
2060 2148 2116 2180 ac
2155 2131 2436 2194 gubernator

512 2226 643 2287 regni
667 2225 828 2274 Scotie
867 2254 876 2263 ·
917 2253 927 2262 ·
966 2253 976 2262 ·
1014 2225 1187 2273 Sciatis
1221 2241 1307 2273 nos
1342 2224 1526 2272 dedisse
1550 2222 1835 2270 concessisse
1870 2225 1919 2269 et
1953 2221 2042 2268 hac
2074 2219 2282 2283 presenti
2305 2222 2437 2265 carta

513 2318 676 2362 nostra
715 2315 1015 2362 confirmasse
1055 2313 1297 2361 carissimo
1335 2311 1472 2359 fratri
1512 2315 1674 2359 nostro
1719 2308 1935 2357 Waltero
1982 2306 2226 2357 senescalli
2272 2305 2435 2354 comiti

514 2401 707 2451 Atholie
732 2407 782 2451 et
807 2402 1069 2450 Catheness
1092 2401 1231 2449 militi
1267 2416 1428 2448 omnes
1463 2404 1512 2447 et
1547 2397 1752 2461 singulas
1773 2401 1925 2444 terras
1949 2395 2138 2443 baronie
2175 2395 2232 2441 de
2269 2393 2434 2442 Corto-

514 2492 642 2555 quhy
677 2507 783 2539 cum
817 2491 1118 2555 pertinentiis
1153 2505 1353 2537 unacum
1376 2487 1685 2536 aduocatione
1710 2484 1906 2533 ecclesie
1929 2482 2208 2547 parochialis
2230 2482 2436 2530 eiusdem

506 2581 724 2643 Jacentes
760 2580 882 2628 infra
916 2578 1295 2627 vicecomitatum
1332 2578 1389 2624 de
1425 2575 1593 2623 Forfar
1630 2602 1639 2611 ·
1677 2572 1966 2635 Quequidem
2013 2575 2138 2618 terre
2184 2585 2288 2616 cum
2333 2585 2437 2631 per-

513 2669 728 2718 tinentiis
763 2673 813 2716 et
847 2667 1099 2716 aduocatio
1135 2666 1260 2714 dicte
1284 2664 1480 2712 ecclesie
1504 2663 1691 2710 fuerunt
1720 2659 1947 2708 carissimi
1982 2657 2309 2719 consanguinei
2332 2672 2437 2704 nos-

513 2759 578 2806 tri
613 2756 891 2805 Archibaldi
926 2755 1113 2804 comitis
1148 2755 1205 2802 de
1241 2752 1476 2815 Douglass
1510 2756 1558 2799 et
1594 2765 1709 2813 quas
1743 2749 1867 2795 idem
1909 2745 2220 2794 Archibaldus
2263 2760 2356 2792 non
2391 2745 2437 2791 vi

567 2876 577 2884 ·
617 2874 626 2884 ·
663 2847 713 2894 in
754 2844 998 2909 presencia
1039 2843 1241 2907 plurium
1281 2840 1506 2888 nobilium
1554 2837 1682 2899 regni
1726 2850 1970 2899 procerum
2016 2838 2065 2881 et
2111 2833 2335 2880 baronum
2380 2847 2437 2879 ac

514 2935 708 2984 testium
734 2933 1100 2997 subscriptorum
1126 2931 1260 2978 nobis
1283 2945 1367 2992 per
1388 2929 1559 2975 fustem
1597 2929 1645 2973 et
1685 2923 1900 2971 baculum
1937 2937 1994 2969 ac
2029 2937 2114 2984 per
2145 2936 2253 2968 suas
2274 2920 2436 2968 literas

517 3028 738 3088 patentes
785 3023 910 3086 apud
960 3020 1104 3068 Perth
1152 3034 1334 3067 sursum
1371 3014 1576 3063 reddidit
1613 3028 1727 3076 pure
1773 3015 1822 3058 et
1868 3009 2143 3073 simpliciter
2186 3008 2438 3070 resignauit

519 3129 575 3160 ac
615 3116 770 3160 totum
802 3111 882 3173 jus
919 3113 968 3157 et
1007 3108 1237 3155 clameum
1262 3121 1351 3168 que
1389 3104 1437 3150 in
1474 3101 1614 3150 dictis
1636 3099 1775 3148 terris
1812 3103 1860 3146 et
1898 3097 2204 3145 aduocatione
2242 3095 2436 3143 ecclesie

519 3202 686 3249 habuit
711 3200 787 3248 uel
809 3200 983 3247 habere
1006 3195 1183 3260 poterit
1217 3209 1302 3258 pro
1342 3208 1392 3241 se
1433 3194 1483 3238 et
1518 3188 1767 3257 heredibus
1806 3185 1903 3234 suis
1941 3184 2128 3232 omnino
2164 3183 2322 3246 quiete
2346 3182 2439 3230 cla-

521 3290 672 3338 mauit
713 3289 1058 3352 imperpetuum
1100 3312 1110 3322 ·
1147 3280 1394 3331 Tenendas
1430 3282 1479 3326 et
1516 3277 1755 3324 habendas
1795 3274 1947 3321 dictas
1984 3276 2136 3320 terras
2166 3275 2215 3319 et
2238 3271 2438 3318 aduoca-

1507 3367 1538 3412 4
