<?xml version="1.0" encoding="UTF-8"?>
<!DOCTYPE html PUBLIC "-//W3C//DTD XHTML 1.0 Transitional//EN"
    "http://www.w3.org/TR/xhtml1/DTD/xhtml1-transitional.dtd">
<html xmlns="http://www.w3.org/1999/xhtml" xml:lang="en" lang="en">
 <head>
  <title>
</title>
<meta http-equiv="Content-Type" content="text/html;charset=utf-8" />
  <meta name='ocr-system' content='tesseract 3.04.00' />
  <meta name='ocr-capabilities' content='ocr_page ocr_carea ocr_par ocr_line ocrx_word'/>
</head>
<body>
  <div class='ocr_page' id='page_1' title='image "./registrumepiscop01brecuoft_0293.png"; bbox 0 0 2950 3970; ppageno 0'>
   <div class='ocr_carea' id='block_1_1' title="bbox 582 585 2422 650">
    <p class='ocr_par' dir='ltr' id='par_1_1' title="bbox 582 585 2422 650">
     <span class='ocr_line' id='line_1_1' title="bbox 582 585 2422 650; baseline 0.005 -9"><span class='ocrx_word' id='word_1_1' title='bbox 582 585 1053 643; x_wconf 79' lang='lat' dir='ltr'>REGISTRUM</span> <span class='ocrx_word' id='word_1_2' title='bbox 1093 588 1631 649; x_wconf 83' lang='lat' dir='ltr'>EPISOOPATUS</span> <span class='ocrx_word' id='word_1_3' title='bbox 1671 593 2262 649; x_wconf 86' lang='lat' dir='ltr'>BRECHINENSIS.</span> <span class='ocrx_word' id='word_1_4' title='bbox 2318 598 2422 650; x_wconf 89' lang='grc'>181</span> 
     </span>
    </p>
   </div>
   <div class='ocr_carea' id='block_1_2' title="bbox 505 775 2428 1640">
    <p class='ocr_par' dir='ltr' id='par_1_2' title="bbox 505 775 2428 1640">
     <span class='ocr_line' id='line_1_2' title="bbox 507 775 2424 831; baseline 0.005 -9"><span class='ocrx_word' id='word_1_5' title='bbox 507 775 804 824; x_wconf 86' lang='lat' dir='ltr'>Morauiensi</span> <span class='ocrx_word' id='word_1_6' title='bbox 845 777 1059 826; x_wconf 90' lang='lat' dir='ltr'>Roberto</span> <span class='ocrx_word' id='word_1_7' title='bbox 1095 778 1420 829; x_wconf 91' lang='lat' dir='ltr'>Dunblanensi</span> <span class='ocrx_word' id='word_1_8' title='bbox 1458 781 1492 827; x_wconf 86' lang='lat' dir='ltr'><strong>J</strong></span> <span class='ocrx_word' id='word_1_9' title='bbox 1495 780 1680 829; x_wconf 90' lang='lat' dir='ltr'>ohanne</span> <span class='ocrx_word' id='word_1_10' title='bbox 1720 782 2023 830; x_wconf 88' lang='lat' dir='ltr'>Brechinensi</span> <span class='ocrx_word' id='word_1_11' title='bbox 2077 783 2257 830; x_wconf 89' lang='lat' dir='ltr'>Thoma</span> <span class='ocrx_word' id='word_1_12' title='bbox 2306 785 2424 831; x_wconf 85' lang='lat' dir='ltr'>Ros-</span> 
     </span>
     <span class='ocr_line' id='line_1_3' title="bbox 505 864 2422 932; baseline 0.003 -20"><span class='ocrx_word' id='word_1_13' title='bbox 505 864 632 913; x_wconf 88' lang='lat' dir='ltr'>sensi</span> <span class='ocrx_word' id='word_1_14' title='bbox 670 867 719 912; x_wconf 87' lang='lat' dir='ltr'>et</span> <span class='ocrx_word' id='word_1_15' title='bbox 745 865 952 928; x_wconf 88' lang='lat' dir='ltr'>Georgio</span> <span class='ocrx_word' id='word_1_16' title='bbox 1000 866 1287 916; x_wconf 88' lang='lat' dir='ltr'>Lismorensi</span> <span class='ocrx_word' id='word_1_17' title='bbox 1337 868 1585 932; x_wconf 89' lang='lat' dir='ltr'>Episcopis</span> <span class='ocrx_word' id='word_1_18' title='bbox 1633 868 1875 918; x_wconf 89' lang='lat' dir='ltr'>Willelmo</span> <span class='ocrx_word' id='word_1_19' title='bbox 1920 871 2109 918; x_wconf 92' lang='lat' dir='ltr'>domino</span> <span class='ocrx_word' id='word_1_20' title='bbox 2156 871 2422 919; x_wconf 90' lang='lat' dir='ltr'>Crechtoun</span> 
     </span>
     <span class='ocr_line' id='line_1_4' title="bbox 505 950 2428 1021; baseline 0.003 -21"><span class='ocrx_word' id='word_1_21' title='bbox 505 956 670 1001; x_wconf 89' lang='lat' dir='ltr'>nostro</span> <span class='ocrx_word' id='word_1_22' title='bbox 710 952 995 1002; x_wconf 87' lang='lat' dir='ltr'>cancellario</span> <span class='ocrx_word' id='word_1_23' title='bbox 1033 958 1082 1003; x_wconf 91' lang='lat' dir='ltr'>et</span> <span class='ocrx_word' id='word_1_24' title='bbox 1120 957 1465 1019; x_wconf 88' lang='lat' dir='ltr'>consanguineo</span> <span class='ocrx_word' id='word_1_25' title='bbox 1503 950 1762 1020; x_wconf 82' lang='lat' dir='ltr'>predilecto</span> <span class='ocrx_word' id='word_1_26' title='bbox 1801 959 2052 1007; x_wconf 83' lang='lat' dir='ltr'>Carissimo</span> <span class='ocrx_word' id='word_1_27' title='bbox 2090 959 2428 1021; x_wconf 88' lang='lat' dir='ltr'>consanguineo</span> 
     </span>
     <span class='ocr_line' id='line_1_5' title="bbox 505 1042 2425 1109; baseline 0.002 -19"><span class='ocrx_word' id='word_1_28' title='bbox 505 1046 669 1091; x_wconf 85' lang='lat' dir='ltr'>nostro</span> <span class='ocrx_word' id='word_1_29' title='bbox 709 1042 953 1091; x_wconf 91' lang='lat' dir='ltr'>Willelmo</span> <span class='ocrx_word' id='word_1_30' title='bbox 991 1043 1178 1092; x_wconf 91' lang='lat' dir='ltr'>Comite</span> <span class='ocrx_word' id='word_1_31' title='bbox 1217 1046 1276 1093; x_wconf 90' lang='lat' dir='ltr'>de</span> <span class='ocrx_word' id='word_1_32' title='bbox 1315 1045 1528 1109; x_wconf 87' lang='lat' dir='ltr'>Douglas</span> <span class='ocrx_word' id='word_1_33' title='bbox 1565 1050 1614 1094; x_wconf 93' lang='lat' dir='ltr'>et</span> <span class='ocrx_word' id='word_1_34' title='bbox 1653 1046 1892 1094; x_wconf 87' lang='lat' dir='ltr'>Avendale</span> <span class='ocrx_word' id='word_1_35' title='bbox 1934 1046 2139 1094; x_wconf 91' lang='lat' dir='ltr'>Domino</span> <span class='ocrx_word' id='word_1_36' title='bbox 2164 1047 2425 1095; x_wconf 84' lang='lat' dir='ltr'>Galowidie</span> 
     </span>
     <span class='ocr_line' id='line_1_6' title="bbox 507 1131 2428 1197; baseline 0.002 -19"><span class='ocrx_word' id='word_1_37' title='bbox 507 1131 713 1180; x_wconf 86' lang='lat' dir='ltr'>Dilectis</span> <span class='ocrx_word' id='word_1_38' title='bbox 747 1132 924 1180; x_wconf 89' lang='lat' dir='ltr'>nostris</span> <span class='ocrx_word' id='word_1_39' title='bbox 959 1133 1318 1196; x_wconf 87' lang='lat' dir='ltr'>consanguineis</span> <span class='ocrx_word' id='word_1_40' title='bbox 1353 1134 1557 1196; x_wconf 89' lang='lat' dir='ltr'>Georgio</span> <span class='ocrx_word' id='word_1_41' title='bbox 1597 1135 1655 1182; x_wconf 90' lang='lat' dir='ltr'>de</span> <span class='ocrx_word' id='word_1_42' title='bbox 1693 1135 1855 1197; x_wconf 88' lang='lat' dir='ltr'>Angus</span> <span class='ocrx_word' id='word_1_43' title='bbox 1895 1135 2177 1183; x_wconf 90' lang='lat' dir='ltr'>Archibaldo</span> <span class='ocrx_word' id='word_1_44' title='bbox 2216 1136 2428 1183; x_wconf 84' lang='lat' dir='ltr'>Morauie</span> 
     </span>
     <span class='ocr_line' id='line_1_7' title="bbox 507 1220 2425 1284; baseline 0.001 -16"><span class='ocrx_word' id='word_1_45' title='bbox 507 1221 709 1284; x_wconf 87' lang='lat' dir='ltr'>Hugone</span> <span class='ocrx_word' id='word_1_46' title='bbox 756 1221 814 1268; x_wconf 90' lang='lat' dir='ltr'>de</span> <span class='ocrx_word' id='word_1_47' title='bbox 861 1220 1072 1269; x_wconf 90' lang='lat' dir='ltr'>Ormond</span> <span class='ocrx_word' id='word_1_48' title='bbox 1121 1221 1398 1270; x_wconf 84' lang='lat' dir='ltr'>Alexandro</span> <span class='ocrx_word' id='word_1_49' title='bbox 1444 1222 1503 1269; x_wconf 86' lang='lat' dir='ltr'>de</span> <span class='ocrx_word' id='word_1_50' title='bbox 1551 1222 1761 1270; x_wconf 88' lang='lat' dir='ltr'>Huntlee</span> <span class='ocrx_word' id='word_1_51' title='bbox 1807 1228 1855 1271; x_wconf 90' lang='lat' dir='ltr'>et</span> <span class='ocrx_word' id='word_1_52' title='bbox 1906 1223 2144 1271; x_wconf 89' lang='lat' dir='ltr'>Willelmo</span> <span class='ocrx_word' id='word_1_53' title='bbox 2193 1224 2425 1271; x_wconf 84' lang='lat' dir='ltr'>Orchadie</span> 
     </span>
     <span class='ocr_line' id='line_1_8' title="bbox 507 1308 2422 1374; baseline 0 -16"><span class='ocrx_word' id='word_1_54' title='bbox 507 1309 763 1367; x_wconf 88' lang='lat' dir='ltr'>comitibus</span> <span class='ocrx_word' id='word_1_55' title='bbox 788 1308 1035 1358; x_wconf 91' lang='lat' dir='ltr'>Willelmo</span> <span class='ocrx_word' id='word_1_56' title='bbox 1060 1310 1250 1358; x_wconf 90' lang='lat' dir='ltr'>domino</span> <span class='ocrx_word' id='word_1_57' title='bbox 1273 1310 1318 1358; x_wconf 97' lang='grc'>16</span> <span class='ocrx_word' id='word_1_58' title='bbox 1344 1311 1456 1374; x_wconf 83' lang='lat' dir='ltr'>Hay</span> <span class='ocrx_word' id='word_1_59' title='bbox 1479 1311 1607 1373; x_wconf 88' lang='lat' dir='ltr'>regni</span> <span class='ocrx_word' id='word_1_60' title='bbox 1644 1312 1792 1359; x_wconf 88' lang='lat' dir='ltr'>nostri</span> <span class='ocrx_word' id='word_1_61' title='bbox 1829 1311 2171 1359; x_wconf 79' lang='lat' dir='ltr'>constabulario</span> <span class='ocrx_word' id='word_1_62' title='bbox 2205 1312 2237 1357; x_wconf 88' lang='lat' dir='ltr'>J</span> <span class='ocrx_word' id='word_1_63' title='bbox 2242 1312 2422 1359; x_wconf 84' lang='lat' dir='ltr'>ohanne</span> 
     </span>
     <span class='ocr_line' id='line_1_9' title="bbox 505 1397 2418 1462; baseline 0 -16"><span class='ocrx_word' id='word_1_64' title='bbox 505 1399 698 1447; x_wconf 91' lang='lat' dir='ltr'>domino</span> <span class='ocrx_word' id='word_1_65' title='bbox 735 1397 892 1446; x_wconf 88' lang='lat' dir='ltr'>Lorne</span> <span class='ocrx_word' id='word_1_66' title='bbox 930 1398 1125 1447; x_wconf 80' lang='lat' dir='ltr'>Necnon</span> <span class='ocrx_word' id='word_1_67' title='bbox 1164 1398 1517 1462; x_wconf 85' lang='lat' dir='ltr'><strong>quampluribus</strong></span> <span class='ocrx_word' id='word_1_68' title='bbox 1551 1399 1745 1462; x_wconf 87' lang='lat' dir='ltr'>prelatis</span> <span class='ocrx_word' id='word_1_69' title='bbox 1786 1400 1932 1447; x_wconf 86' lang='lat' dir='ltr'>nostri</span> <span class='ocrx_word' id='word_1_70' title='bbox 1980 1400 2106 1462; x_wconf 89' lang='lat' dir='ltr'>regni</span> <span class='ocrx_word' id='word_1_71' title='bbox 2152 1400 2418 1462; x_wconf 81' lang='lat' dir='ltr'>proceribus</span> 
     </span>
     <span class='ocr_line' id='line_1_10' title="bbox 506 1487 2428 1551; baseline 0 -16"><span class='ocrx_word' id='word_1_72' title='bbox 506 1488 758 1551; x_wconf 89' lang='lat' dir='ltr'>burgorum</span> <span class='ocrx_word' id='word_1_73' title='bbox 805 1491 1072 1535; x_wconf 86' lang='lat' dir='ltr'>nostrorum</span> <span class='ocrx_word' id='word_1_74' title='bbox 1121 1487 1454 1535; x_wconf 87' lang='lat' dir='ltr'>commissariis</span> <span class='ocrx_word' id='word_1_75' title='bbox 1500 1488 1545 1534; x_wconf 91' lang='lat' dir='ltr'>in</span> <span class='ocrx_word' id='word_1_76' title='bbox 1595 1488 1722 1535; x_wconf 90' lang='lat' dir='ltr'>dicto</span> <span class='ocrx_word' id='word_1_77' title='bbox 1768 1492 1927 1536; x_wconf 90' lang='lat' dir='ltr'>nostro</span> <span class='ocrx_word' id='word_1_78' title='bbox 1968 1487 2274 1551; x_wconf 88' lang='lat' dir='ltr'>parliamento</span> <span class='ocrx_word' id='word_1_79' title='bbox 2321 1504 2428 1535; x_wconf 91' lang='lat' dir='ltr'>con-</span> 
     </span>
     <span class='ocr_line' id='line_1_11' title="bbox 507 1572 1454 1640; baseline -0.001 -16"><span class='ocrx_word' id='word_1_80' title='bbox 507 1576 746 1640; x_wconf 85' lang='lat' dir='ltr'>gregatis.¹</span> <span class='ocrx_word' id='word_1_81' title='bbox 1445 1572 1454 1580; x_wconf 67' lang='grc'>’</span> 
     </span>
    </p>
   </div>
   <div class='ocr_carea' id='block_1_3' title="bbox 507 1775 2427 2019">
    <p class='ocr_par' dir='ltr' id='par_1_3' title="bbox 507 1775 2427 2019">
     <span class='ocr_line' id='line_1_12' title="bbox 509 1775 2425 1841; baseline -0.002 -17"><span class='ocrx_word' id='word_1_82' title='bbox 509 1777 885 1827; x_wconf 87' lang='lat' dir='ltr'>Instrumentum</span> <span class='ocrx_word' id='word_1_83' title='bbox 919 1794 1060 1841; x_wconf 87' lang='lat' dir='ltr'>super</span> <span class='ocrx_word' id='word_1_84' title='bbox 1095 1777 1415 1826; x_wconf 77' lang='lat' dir='ltr'>declaratione</span> <span class='ocrx_word' id='word_1_85' title='bbox 1439 1778 1623 1826; x_wconf 89' lang='lat' dir='ltr'>unionis</span> <span class='ocrx_word' id='word_1_86' title='bbox 1657 1777 1835 1841; x_wconf 89' lang='lat' dir='ltr'>capelle</span> <span class='ocrx_word' id='word_1_87' title='bbox 1863 1777 2140 1839; x_wconf 89' lang='lat' dir='ltr'>Magdalene</span> <span class='ocrx_word' id='word_1_88' title='bbox 2175 1777 2237 1823; x_wconf 92' lang='lat' dir='ltr'>ad</span> <span class='ocrx_word' id='word_1_89' title='bbox 2271 1775 2425 1838; x_wconf 85' lang='lat' dir='ltr'>capel-</span> 
     </span>
     <span class='ocr_line' id='line_1_13' title="bbox 507 1864 2427 1928; baseline -0.001 -15"><span class='ocrx_word' id='word_1_90' title='bbox 507 1865 685 1915; x_wconf 91' lang='lat' dir='ltr'>laniam</span> <span class='ocrx_word' id='word_1_91' title='bbox 710 1871 875 1916; x_wconf 89' lang='lat' dir='ltr'>sancte</span> <span class='ocrx_word' id='word_1_92' title='bbox 901 1866 1067 1915; x_wconf 84' lang='lat' dir='ltr'>Crucis</span> <span class='ocrx_word' id='word_1_93' title='bbox 1102 1867 1160 1914; x_wconf 89' lang='lat' dir='ltr'>de</span> <span class='ocrx_word' id='word_1_94' title='bbox 1195 1867 1310 1914; x_wconf 91' lang='lat' dir='ltr'>data</span> <span class='ocrx_word' id='word_1_95' title='bbox 1343 1866 1454 1914; x_wconf 89' lang='lat' dir='ltr'>anni</span> <span class='ocrx_word' id='word_1_96' title='bbox 1491 1866 1683 1914; x_wconf 88' lang='lat' dir='ltr'>Domini</span> <span class='ocrx_word' id='word_1_97' title='bbox 1719 1865 1950 1913; x_wconf 87' lang='lat' dir='ltr'>millesimi</span> <span class='ocrx_word' id='word_1_98' title='bbox 1987 1864 2427 1928; x_wconf 85' lang='lat' dir='ltr'>quadringentesimi</span> 
     </span>
     <span class='ocr_line' id='line_1_14' title="bbox 509 1955 1853 2019; baseline 0 -17"><span class='ocrx_word' id='word_1_99' title='bbox 509 1955 881 2019; x_wconf 85' lang='lat' dir='ltr'>quinquagesimi</span> <span class='ocrx_word' id='word_1_100' title='bbox 904 1956 1031 2004; x_wconf 84' lang='lat' dir='ltr'>sexti</span> <span class='ocrx_word' id='word_1_101' title='bbox 1056 1955 1230 2003; x_wconf 88' lang='lat' dir='ltr'>mensis</span> <span class='ocrx_word' id='word_1_102' title='bbox 1254 1971 1364 2003; x_wconf 87' lang='lat' dir='ltr'>vero</span> <span class='ocrx_word' id='word_1_103' title='bbox 1390 1955 1507 2016; x_wconf 85' lang='lat' dir='ltr'>Maij</span> <span class='ocrx_word' id='word_1_104' title='bbox 1535 1955 1611 2002; x_wconf 91' lang='lat' dir='ltr'>die</span> <span class='ocrx_word' id='word_1_105' title='bbox 1635 1959 1806 2002; x_wconf 87' lang='lat' dir='ltr'>octauo</span> <span class='ocrx_word' id='word_1_106' title='bbox 1843 1983 1853 1991; x_wconf 93' lang='lat'><strong>·</strong></span> 
     </span>
    </p>
   </div>
   <div class='ocr_carea' id='block_1_4' title="bbox 422 2079 2433 2974">
    <p class='ocr_par' dir='ltr' id='par_1_4' title="bbox 422 2079 2433 2974">
     <span class='ocr_line' id='line_1_15' title="bbox 422 2079 2420 2177; baseline -0.005 -16"><span class='ocrx_word' id='word_1_107' title='bbox 422 2114 486 2163; x_wconf 79' lang='lat'>87</span> <span class='ocrx_word' id='word_1_108' title='bbox 519 2079 599 2160; x_wconf 86' lang='lat' dir='ltr'>In</span> <span class='ocrx_word' id='word_1_109' title='bbox 625 2111 719 2159; x_wconf 89' lang='lat' dir='ltr'>Dei</span> <span class='ocrx_word' id='word_1_110' title='bbox 743 2111 930 2158; x_wconf 90' lang='lat' dir='ltr'>nomine</span> <span class='ocrx_word' id='word_1_111' title='bbox 955 2126 1092 2158; x_wconf 88' lang='lat' dir='ltr'>amen</span> <span class='ocrx_word' id='word_1_112' title='bbox 1116 2126 1200 2173; x_wconf 84' lang='lat' dir='ltr'>per</span> <span class='ocrx_word' id='word_1_113' title='bbox 1236 2111 1326 2158; x_wconf 90' lang='lat' dir='ltr'>hoc</span> <span class='ocrx_word' id='word_1_114' title='bbox 1361 2125 1553 2173; x_wconf 87' lang='lat' dir='ltr'>presens</span> <span class='ocrx_word' id='word_1_115' title='bbox 1586 2108 1825 2172; x_wconf 92' lang='lat' dir='ltr'>publicum</span> <span class='ocrx_word' id='word_1_116' title='bbox 1860 2106 2214 2155; x_wconf 87' lang='lat' dir='ltr'>instrumentum</span> <span class='ocrx_word' id='word_1_117' title='bbox 2239 2107 2420 2177; x_wconf 84' lang='lat' dir='ltr'>cunctis</span> 
     </span>
     <span class='ocr_line' id='line_1_16' title="bbox 509 2194 2430 2263; baseline -0.004 -15"><span class='ocrx_word' id='word_1_118' title='bbox 509 2204 676 2263; x_wconf 83' lang='lat' dir='ltr'>pateat</span> <span class='ocrx_word' id='word_1_119' title='bbox 714 2228 724 2237; x_wconf 89' lang='lat'><strong>·</strong></span> <span class='ocrx_word' id='word_1_120' title='bbox 767 2227 777 2237; x_wconf 91' lang='lat'><strong>·</strong></span> <span class='ocrx_word' id='word_1_121' title='bbox 817 2228 826 2237; x_wconf 93' lang='lat'><strong>·</strong></span> <span class='ocrx_word' id='word_1_122' title='bbox 864 2200 990 2263; x_wconf 91' lang='lat' dir='ltr'>quod</span> <span class='ocrx_word' id='word_1_123' title='bbox 1027 2215 1151 2246; x_wconf 90' lang='lat' dir='ltr'>anno</span> <span class='ocrx_word' id='word_1_124' title='bbox 1189 2199 1364 2246; x_wconf 90' lang='lat' dir='ltr'>domini</span> <span class='ocrx_word' id='word_1_125' title='bbox 1419 2197 1666 2245; x_wconf 89' lang='lat' dir='ltr'>millesimo</span> <span class='ocrx_word' id='word_1_126' title='bbox 1715 2194 2170 2260; x_wconf 89' lang='lat' dir='ltr'>quadringentesimo</span> <span class='ocrx_word' id='word_1_127' title='bbox 2205 2195 2430 2257; x_wconf 86' lang='lat' dir='ltr'>quinqua-</span> 
     </span>
     <span class='ocr_line' id='line_1_17' title="bbox 508 2284 2430 2351; baseline -0.003 -16"><span class='ocrx_word' id='word_1_128' title='bbox 508 2288 687 2351; x_wconf 90' lang='lat' dir='ltr'>gesimo</span> <span class='ocrx_word' id='word_1_129' title='bbox 711 2292 851 2336; x_wconf 87' lang='lat' dir='ltr'>sexto</span> <span class='ocrx_word' id='word_1_130' title='bbox 875 2288 1050 2336; x_wconf 86' lang='lat' dir='ltr'>mensis</span> <span class='ocrx_word' id='word_1_131' title='bbox 1073 2304 1184 2334; x_wconf 88' lang='lat' dir='ltr'>vero</span> <span class='ocrx_word' id='word_1_132' title='bbox 1211 2287 1331 2334; x_wconf 92' lang='lat' dir='ltr'>Maii</span> <span class='ocrx_word' id='word_1_133' title='bbox 1356 2287 1431 2334; x_wconf 88' lang='lat' dir='ltr'>die</span> <span class='ocrx_word' id='word_1_134' title='bbox 1456 2290 1626 2334; x_wconf 91' lang='lat' dir='ltr'>octauo</span> <span class='ocrx_word' id='word_1_135' title='bbox 1650 2285 1904 2333; x_wconf 89' lang='lat' dir='ltr'>indictione</span> <span class='ocrx_word' id='word_1_136' title='bbox 1941 2287 2109 2347; x_wconf 89' lang='lat' dir='ltr'>quarta</span> <span class='ocrx_word' id='word_1_137' title='bbox 2132 2284 2430 2346; x_wconf 87' lang='lat' dir='ltr'>pontificatus</span> 
     </span>
     <span class='ocr_line' id='line_1_18' title="bbox 512 2371 2427 2438; baseline -0.005 -13"><span class='ocrx_word' id='word_1_138' title='bbox 512 2405 522 2414; x_wconf 91' lang='lat'><strong>·</strong></span> <span class='ocrx_word' id='word_1_139' title='bbox 560 2403 572 2415; x_wconf 90' lang='lat'><strong>·</strong></span> <span class='ocrx_word' id='word_1_140' title='bbox 612 2405 622 2414; x_wconf 93' lang='lat'><strong>·</strong></span> <span class='ocrx_word' id='word_1_141' title='bbox 659 2376 836 2425; x_wconf 92' lang='lat' dir='ltr'>domini</span> <span class='ocrx_word' id='word_1_142' title='bbox 857 2376 1037 2424; x_wconf 86' lang='lat' dir='ltr'>Calixti</span> <span class='ocrx_word' id='word_1_143' title='bbox 1077 2403 1087 2413; x_wconf 89' lang='lat'><strong>·</strong></span> <span class='ocrx_word' id='word_1_144' title='bbox 1127 2404 1136 2413; x_wconf 91' lang='lat'><strong>·</strong></span> <span class='ocrx_word' id='word_1_145' title='bbox 1177 2404 1186 2412; x_wconf 93' lang='lat'>-</span> <span class='ocrx_word' id='word_1_146' title='bbox 1222 2391 1344 2438; x_wconf 89' lang='lat' dir='ltr'>pape</span> <span class='ocrx_word' id='word_1_147' title='bbox 1363 2374 1493 2422; x_wconf 88' lang='lat' dir='ltr'>tertii</span> <span class='ocrx_word' id='word_1_148' title='bbox 1512 2390 1634 2421; x_wconf 88' lang='lat' dir='ltr'>anno</span> <span class='ocrx_word' id='word_1_149' title='bbox 1653 2374 1857 2421; x_wconf 90' lang='lat' dir='ltr'>secundo</span> <span class='ocrx_word' id='word_1_150' title='bbox 1882 2400 1895 2411; x_wconf 87' lang='lat'><strong>·</strong></span> <span class='ocrx_word' id='word_1_151' title='bbox 1921 2373 1978 2419; x_wconf 95' lang='lat' dir='ltr'>In</span> <span class='ocrx_word' id='word_1_152' title='bbox 1996 2371 2087 2418; x_wconf 89' lang='lat' dir='ltr'>mei</span> <span class='ocrx_word' id='word_1_153' title='bbox 2111 2371 2281 2418; x_wconf 90' lang='lat' dir='ltr'>notarii</span> <span class='ocrx_word' id='word_1_154' title='bbox 2319 2399 2328 2408; x_wconf 89' lang='lat'><em>·</em></span> <span class='ocrx_word' id='word_1_155' title='bbox 2369 2399 2378 2407; x_wconf 91' lang='lat'><strong>·</strong></span> <span class='ocrx_word' id='word_1_156' title='bbox 2417 2399 2427 2408; x_wconf 90' lang='lat'><strong>·</strong></span> 
     </span>
     <span class='ocr_line' id='line_1_19' title="bbox 509 2459 2432 2530; baseline -0.005 -16"><span class='ocrx_word' id='word_1_157' title='bbox 509 2466 750 2530; x_wconf 87' lang='lat' dir='ltr'>presentia</span> <span class='ocrx_word' id='word_1_158' title='bbox 787 2495 796 2503; x_wconf 90' lang='lat'><em>-</em></span> <span class='ocrx_word' id='word_1_159' title='bbox 835 2495 844 2503; x_wconf 93' lang='lat'>·</span> <span class='ocrx_word' id='word_1_160' title='bbox 885 2494 894 2503; x_wconf 94' lang='lat'><strong>·</strong></span> <span class='ocrx_word' id='word_1_161' title='bbox 933 2465 1148 2513; x_wconf 90' lang='lat' dir='ltr'>dominus</span> <span class='ocrx_word' id='word_1_162' title='bbox 1174 2463 1404 2526; x_wconf 87' lang='lat' dir='ltr'>Georgius</span> <span class='ocrx_word' id='word_1_163' title='bbox 1441 2491 1451 2500; x_wconf 88' lang='lat'><strong>·</strong></span> <span class='ocrx_word' id='word_1_164' title='bbox 1490 2490 1500 2499; x_wconf 90' lang='lat'><strong>·</strong></span> <span class='ocrx_word' id='word_1_165' title='bbox 1540 2490 1550 2500; x_wconf 89' lang='lat'><strong>·</strong></span> <span class='ocrx_word' id='word_1_166' title='bbox 1588 2462 1850 2524; x_wconf 85' lang='lat' dir='ltr'>Episcopus</span> <span class='ocrx_word' id='word_1_167' title='bbox 1884 2459 2210 2507; x_wconf 87' lang='lat' dir='ltr'>Brechinensis</span> <span class='ocrx_word' id='word_1_168' title='bbox 2233 2459 2280 2505; x_wconf 93' lang='lat' dir='ltr'>in</span> <span class='ocrx_word' id='word_1_169' title='bbox 2306 2459 2432 2521; x_wconf 90' lang='lat' dir='ltr'>capi-</span> 
     </span>
     <span class='ocr_line' id='line_1_20' title="bbox 509 2546 2430 2610; baseline -0.006 -7"><span class='ocrx_word' id='word_1_170' title='bbox 509 2555 612 2603; x_wconf 89' lang='lat' dir='ltr'>tulo</span> <span class='ocrx_word' id='word_1_171' title='bbox 636 2572 723 2604; x_wconf 90' lang='lat' dir='ltr'>suo</span> <span class='ocrx_word' id='word_1_172' title='bbox 761 2583 771 2592; x_wconf 91' lang='lat'><strong>·</strong></span> <span class='ocrx_word' id='word_1_173' title='bbox 811 2583 821 2592; x_wconf 93' lang='lat'><strong>·</strong></span> <span class='ocrx_word' id='word_1_174' title='bbox 861 2580 877 2592; x_wconf 91' lang='lat'>··</span> <span class='ocrx_word' id='word_1_175' title='bbox 908 2554 1182 2602; x_wconf 89' lang='lat' dir='ltr'>conuocatis</span> <span class='ocrx_word' id='word_1_176' title='bbox 1205 2553 1295 2601; x_wconf 89' lang='lat' dir='ltr'>sibi</span> <span class='ocrx_word' id='word_1_177' title='bbox 1320 2551 1557 2599; x_wconf 89' lang='lat' dir='ltr'>canonicis</span> <span class='ocrx_word' id='word_1_178' title='bbox 1580 2550 1675 2597; x_wconf 90' lang='lat' dir='ltr'>suis</span> <span class='ocrx_word' id='word_1_179' title='bbox 1698 2554 1747 2596; x_wconf 85' lang='lat' dir='ltr'>et</span> <span class='ocrx_word' id='word_1_180' title='bbox 1771 2547 2024 2610; x_wconf 86' lang='lat' dir='ltr'>capellanis</span> <span class='ocrx_word' id='word_1_181' title='bbox 2050 2546 2177 2594; x_wconf 90' lang='lat' dir='ltr'>chori</span> <span class='ocrx_word' id='word_1_182' title='bbox 2204 2546 2430 2593; x_wconf 90' lang='lat' dir='ltr'>Brechin-</span> 
     </span>
     <span class='ocr_line' id='line_1_21' title="bbox 511 2632 2424 2707; baseline -0.006 -15"><span class='ocrx_word' id='word_1_183' title='bbox 511 2645 638 2693; x_wconf 89' lang='lat' dir='ltr'>ensis</span> <span class='ocrx_word' id='word_1_184' title='bbox 651 2647 766 2692; x_wconf 87' lang='lat' dir='ltr'>tunc</span> <span class='ocrx_word' id='word_1_185' title='bbox 790 2642 1087 2707; x_wconf 87' lang='lat' dir='ltr'>presentibus</span> <span class='ocrx_word' id='word_1_186' title='bbox 1108 2640 1272 2689; x_wconf 87' lang='lat' dir='ltr'>taliter</span> <span class='ocrx_word' id='word_1_187' title='bbox 1295 2639 1527 2687; x_wconf 87' lang='lat' dir='ltr'>allocutus</span> <span class='ocrx_word' id='word_1_188' title='bbox 1551 2642 1624 2685; x_wconf 90' lang='lat' dir='ltr'>est</span> <span class='ocrx_word' id='word_1_189' title='bbox 1651 2666 1660 2675; x_wconf 92' lang='lat'><strong>·</strong></span> <span class='ocrx_word' id='word_1_190' title='bbox 1686 2636 1866 2685; x_wconf 89' lang='lat' dir='ltr'>Scitote</span> <span class='ocrx_word' id='word_1_191' title='bbox 1882 2636 2051 2682; x_wconf 87' lang='lat' dir='ltr'>fratres</span> <span class='ocrx_word' id='word_1_192' title='bbox 2067 2632 2424 2698; x_wconf 88' lang='lat' dir='ltr'>Notificam[us]</span> 
     </span>
     <span class='ocr_line' id='line_1_22' title="bbox 510 2722 2430 2796; baseline -0.007 -15"><span class='ocrx_word' id='word_1_193' title='bbox 510 2734 643 2782; x_wconf 87' lang='lat' dir='ltr'>vobis</span> <span class='ocrx_word' id='word_1_194' title='bbox 666 2731 872 2796; x_wconf 88' lang='lat' dir='ltr'>qualiter</span> <span class='ocrx_word' id='word_1_195' title='bbox 894 2730 1078 2795; x_wconf 86' lang='lat' dir='ltr'>capella</span> <span class='ocrx_word' id='word_1_196' title='bbox 1101 2731 1276 2778; x_wconf 89' lang='lat' dir='ltr'>Sancte</span> <span class='ocrx_word' id='word_1_197' title='bbox 1303 2728 1456 2775; x_wconf 83' lang='lat' dir='ltr'>Mario</span> <span class='ocrx_word' id='word_1_198' title='bbox 1483 2725 1761 2788; x_wconf 89' lang='lat' dir='ltr'>Magdalene</span> <span class='ocrx_word' id='word_1_199' title='bbox 1798 2725 1854 2770; x_wconf 86' lang='lat' dir='ltr'>de</span> <span class='ocrx_word' id='word_1_200' title='bbox 1892 2723 2034 2770; x_wconf 89' lang='lat' dir='ltr'>Errot</span> <span class='ocrx_word' id='word_1_201' title='bbox 2070 2722 2190 2768; x_wconf 86' lang='lat' dir='ltr'>infra</span> <span class='ocrx_word' id='word_1_202' title='bbox 2223 2725 2430 2769; x_wconf 86' lang='lat' dir='ltr'>nostram</span> 
     </span>
     <span class='ocr_line' id='line_1_23' title="bbox 512 2807 2431 2879; baseline -0.007 -9"><span class='ocrx_word' id='word_1_203' title='bbox 512 2822 751 2872; x_wconf 88' lang='lat' dir='ltr'>dioecesim</span> <span class='ocrx_word' id='word_1_204' title='bbox 775 2821 955 2870; x_wconf 91' lang='lat' dir='ltr'>situata</span> <span class='ocrx_word' id='word_1_205' title='bbox 978 2819 1166 2868; x_wconf 87' lang='lat' dir='ltr'>vacauit</span> <span class='ocrx_word' id='word_1_206' title='bbox 1204 2822 1253 2865; x_wconf 86' lang='lat' dir='ltr'>et</span> <span class='ocrx_word' id='word_1_207' title='bbox 1291 2818 1348 2864; x_wconf 90' lang='lat' dir='ltr'>de</span> <span class='ocrx_word' id='word_1_208' title='bbox 1384 2814 1591 2879; x_wconf 89' lang='lat' dir='ltr'>presenti</span> <span class='ocrx_word' id='word_1_209' title='bbox 1628 2816 1765 2860; x_wconf 87' lang='lat' dir='ltr'>vacat</span> <span class='ocrx_word' id='word_1_210' title='bbox 1802 2828 1884 2874; x_wconf 90' lang='lat' dir='ltr'>per</span> <span class='ocrx_word' id='word_1_211' title='bbox 1921 2814 2117 2857; x_wconf 88' lang='lat' dir='ltr'>mortem</span> <span class='ocrx_word' id='word_1_212' title='bbox 2152 2807 2431 2856; x_wconf 86' lang='lat' dir='ltr'>venerabilis</span> 
     </span>
     <span class='ocr_line' id='line_1_24' title="bbox 512 2895 2433 2974; baseline -0.009 -13"><span class='ocrx_word' id='word_1_213' title='bbox 512 2913 599 2961; x_wconf 84' lang='lat' dir='ltr'>viri</span> <span class='ocrx_word' id='word_1_214' title='bbox 626 2911 846 2974; x_wconf 85' lang='lat' dir='ltr'>Magistri</span> <span class='ocrx_word' id='word_1_215' title='bbox 869 2910 903 2957; x_wconf 88' lang='lat' dir='ltr'>J</span> <span class='ocrx_word' id='word_1_216' title='bbox 907 2908 1106 2958; x_wconf 89' lang='lat' dir='ltr'>ohannis</span> <span class='ocrx_word' id='word_1_217' title='bbox 1141 2905 1310 2954; x_wconf 90' lang='lat' dir='ltr'>Adolie</span> <span class='ocrx_word' id='word_1_218' title='bbox 1345 2902 1499 2952; x_wconf 88' lang='lat' dir='ltr'>ultimi</span> <span class='ocrx_word' id='word_1_219' title='bbox 1530 2900 1810 2964; x_wconf 87' lang='lat' dir='ltr'>possessoris</span> <span class='ocrx_word' id='word_1_220' title='bbox 1833 2898 2039 2946; x_wconf 89' lang='lat' dir='ltr'>eiusdem</span> <span class='ocrx_word' id='word_1_221' title='bbox 2078 2925 2087 2934; x_wconf 94' lang='lat'><strong>·</strong></span> <span class='ocrx_word' id='word_1_222' title='bbox 2125 2896 2227 2950; x_wconf 80' lang='lat' dir='ltr'>Que</span> <span class='ocrx_word' id='word_1_223' title='bbox 2251 2895 2433 2958; x_wconf 83' lang='lat' dir='ltr'>capella</span> 
     </span>
    </p>
   </div>
   <div class='ocr_carea' id='block_1_5' title="bbox 516 2984 2434 3143">
    <p class='ocr_par' dir='ltr' id='par_1_5' title="bbox 516 2984 2434 3143">
     <span class='ocr_line' id='line_1_25' title="bbox 566 2984 2432 3057; baseline -0.011 -8"><span class='ocrx_word' id='word_1_224' title='bbox 566 3029 576 3039; x_wconf 88' lang='lat'><strong>·</strong></span> <span class='ocrx_word' id='word_1_225' title='bbox 616 3029 625 3039; x_wconf 89' lang='lat'><strong>·</strong></span> <span class='ocrx_word' id='word_1_226' title='bbox 665 2999 799 3047; x_wconf 87' lang='lat' dir='ltr'>unita</span> <span class='ocrx_word' id='word_1_227' title='bbox 823 3003 896 3047; x_wconf 88' lang='lat' dir='ltr'>est</span> <span class='ocrx_word' id='word_1_228' title='bbox 921 3002 969 3045; x_wconf 88' lang='lat' dir='ltr'>et</span> <span class='ocrx_word' id='word_1_229' title='bbox 996 3011 1183 3044; x_wconf 85' lang='lat' dir='ltr'>annexa</span> <span class='ocrx_word' id='word_1_230' title='bbox 1205 3010 1289 3057; x_wconf 87' lang='lat' dir='ltr'>per</span> <span class='ocrx_word' id='word_1_231' title='bbox 1313 2990 1559 3039; x_wconf 89' lang='lat' dir='ltr'>recolende</span> <span class='ocrx_word' id='word_1_232' title='bbox 1592 2987 1813 3035; x_wconf 89' lang='lat' dir='ltr'>memorie</span> <span class='ocrx_word' id='word_1_233' title='bbox 1847 2986 1881 3031; x_wconf 87' lang='lat' dir='ltr'>J</span> <span class='ocrx_word' id='word_1_234' title='bbox 1885 2986 2113 3033; x_wconf 88' lang='lat' dir='ltr'>ohannem</span> <span class='ocrx_word' id='word_1_235' title='bbox 2150 2984 2432 3046; x_wconf 90' lang='lat' dir='ltr'>Episcopum</span> 
     </span>
     <span class='ocr_line' id='line_1_26' title="bbox 516 3071 2434 3143; baseline -0.011 -5"><span class='ocrx_word' id='word_1_236' title='bbox 516 3089 883 3138; x_wconf 87' lang='lat' dir='ltr'>Brechinensem</span> <span class='ocrx_word' id='word_1_237' title='bbox 923 3114 932 3123; x_wconf 91' lang='lat'><strong>·</strong></span> <span class='ocrx_word' id='word_1_238' title='bbox 970 3113 982 3125; x_wconf 86' lang='lat'><strong>·</strong></span> <span class='ocrx_word' id='word_1_239' title='bbox 1021 3113 1031 3123; x_wconf 87' lang='lat'><strong>·</strong></span> <span class='ocrx_word' id='word_1_240' title='bbox 1068 3084 1252 3130; x_wconf 90' lang='lat' dir='ltr'>cuidam</span> <span class='ocrx_word' id='word_1_241' title='bbox 1272 3078 1530 3143; x_wconf 90' lang='lat' dir='ltr'>capellanie</span> <span class='ocrx_word' id='word_1_242' title='bbox 1554 3077 1613 3123; x_wconf 89' lang='lat' dir='ltr'>ad</span> <span class='ocrx_word' id='word_1_243' title='bbox 1638 3074 1787 3122; x_wconf 88' lang='lat' dir='ltr'>altare</span> <span class='ocrx_word' id='word_1_244' title='bbox 1807 3077 1967 3122; x_wconf 88' lang='lat' dir='ltr'>sancte</span> <span class='ocrx_word' id='word_1_245' title='bbox 1988 3072 2151 3119; x_wconf 91' lang='lat' dir='ltr'>Crucis</span> <span class='ocrx_word' id='word_1_246' title='bbox 2170 3071 2216 3118; x_wconf 93' lang='lat' dir='ltr'>in</span> <span class='ocrx_word' id='word_1_247' title='bbox 2236 3071 2434 3118; x_wconf 88' lang='lat' dir='ltr'>ecclesia</span> 
     </span>
    </p>
   </div>
   <div class='ocr_carea' id='block_1_6' title="bbox 635 3225 2297 3326">
    <p class='ocr_par' dir='ltr' id='par_1_6' title="bbox 635 3225 2297 3326">
     <span class='ocr_line' id='line_1_27' title="bbox 635 3225 2297 3326; baseline -0.013 -3"><span class='ocrx_word' id='word_1_248' title='bbox 635 3225 665 3254; x_wconf 53' lang='lat'>⁸</span> <span class='ocrx_word' id='word_1_249' title='bbox 721 3288 732 3311; x_wconf 89' lang='lat'>¹</span> <span class='ocrx_word' id='word_1_250' title='bbox 770 3285 846 3321; x_wconf 86' lang='lat' dir='ltr'>The</span> <span class='ocrx_word' id='word_1_251' title='bbox 867 3285 935 3319; x_wconf 84' lang='lat' dir='ltr'>Act</span> <span class='ocrx_word' id='word_1_252' title='bbox 952 3283 988 3318; x_wconf 90' lang='lat' dir='ltr'>in</span> <span class='ocrx_word' id='word_1_253' title='bbox 1005 3286 1026 3302; x_wconf 89' lang='lat'><strong>“</strong></span> <span class='ocrx_word' id='word_1_254' title='bbox 1045 3282 1133 3316; x_wconf 80' lang='lat' dir='ltr'>Acta</span> <span class='ocrx_word' id='word_1_255' title='bbox 1150 3277 1463 3315; x_wconf 79' lang='lat' dir='ltr'>Parliamentorum</span> <span class='ocrx_word' id='word_1_256' title='bbox 1475 3274 1498 3326; x_wconf 16' lang='lat'>-”</span> <span class='ocrx_word' id='word_1_257' title='bbox 1516 3273 1544 3309; x_wconf 87' lang='lat' dir='ltr'>is</span> <span class='ocrx_word' id='word_1_258' title='bbox 1562 3271 1666 3308; x_wconf 81' lang='lat' dir='ltr'>dated</span> <span class='ocrx_word' id='word_1_259' title='bbox 1683 3270 1767 3307; x_wconf 81' lang='lat' dir='ltr'>24th</span> <span class='ocrx_word' id='word_1_260' title='bbox 1786 3269 1879 3312; x_wconf 68' lang='lat' dir='ltr'>Jan„</span> <span class='ocrx_word' id='word_1_261' title='bbox 1899 3271 2003 3312; x_wconf 79' lang='lat'><strong>1449,</strong></span> <span class='ocrx_word' id='word_1_262' title='bbox 2020 3270 2091 3304; x_wconf 87' lang='lat' dir='ltr'>An.</span> <span class='ocrx_word' id='word_1_263' title='bbox 2112 3267 2201 3314; x_wconf 82' lang='lat' dir='ltr'>Reg.</span> <span class='ocrx_word' id='word_1_264' title='bbox 2223 3268 2297 3302; x_wconf 84' lang='lat' dir='ltr'>xiii.</span> 
     </span>
    </p>
   </div>
  </div>
 </body>
</html>
