2950 3970
493 622 607 677 214
663 622 1127 678 REGISTRUM
1170 621 1710 678 EPISCOPATUS
1752 619 2344 675 BREOHINENSIS.

492 815 703 859 nostrum
743 813 917 876 apponi
949 812 1244 875 precepimus
1280 810 1502 859 Testibus
1545 809 1939 857 reuerendissimo
1985 809 2032 855 in
2083 808 2240 856 Cristo
2286 811 2425 871 patre

495 900 706 949 Roberto
730 901 1084 965 archiepiscopo
1112 899 1393 961 Glasguensi
1418 897 1624 946 Dilectis
1647 881 2018 959 Consanguineis
2040 897 2215 945 nostris
2257 896 2426 943 Archi-

492 989 633 1037 baldo
657 990 829 1037 comite
855 989 1063 1051 Angusie
1089 987 1278 1035 domino
1298 985 1511 1049 Douglas
1528 985 1811 1034 cancellario
1830 988 1993 1033 nostro
2018 985 2226 1032 Patricio
2251 984 2423 1032 comite

493 1079 550 1125 de
577 1077 801 1126 Bothuile
827 1077 1016 1125 domino
1043 1075 1182 1124 Halis
1207 1080 1297 1123 etc.
1324 1074 1605 1122 Alexandro
1629 1073 1818 1121 domino
1844 1073 2004 1120 Hume
2042 1087 2211 1134 magno
2248 1087 2426 1119 camer-

491 1167 591 1214 ario
614 1171 777 1215 nostro
803 1167 1018 1215 Roberto
1043 1164 1233 1213 domino
1259 1163 1363 1211 Lile
1387 1163 1421 1210 J
1425 1163 1608 1210 ohanne
1641 1161 1830 1210 domino
1867 1160 2112 1223 Glammys
2133 1160 2167 1206 J
2173 1159 2428 1208 usticiariis

490 1256 664 1304 nostris
702 1254 1107 1302 Andrea'domino
1146 1255 1277 1315 Gray
1312 1252 1536 1314 magistro
1571 1250 1765 1314 hospitii
1800 1249 1950 1297 nostri
1988 1247 2351 1296 Venerabilibus
2375 1248 2423 1294 in

492 1345 649 1392 Cristo
690 1344 904 1407 patribus
947 1342 1150 1405 Georgio
1197 1341 1370 1388 abbate
1412 1341 1471 1387 de
1511 1338 1844 1400 Duufermling
1886 1337 2098 1385 Henrico
2144 1337 2317 1384 abbate
2365 1337 2423 1383 de

492 1432 910 1495 Cambuskynneth
958 1429 1255 1478 thesaurario
1291 1432 1455 1477 nostro
1494 1456 1504 1465 ·
1544 1428 1608 1475 Et
1645 1426 1833 1474 dilectis
1880 1425 2065 1473 clericis
2105 1424 2280 1472 nostris
2319 1425 2426 1472 Ma·

488 1521 649 1585 gistris
712 1521 920 1568 Ricardo
984 1519 1244 1567 Murehede
1298 1518 1478 1564 decano
1533 1515 1815 1578 Glasguensi
1861 1513 2118 1562 secretario
2165 1516 2328 1561 nostro
2375 1517 2425 1560 et

488 1612 522 1658 J
526 1612 709 1659 ohanne
748 1609 941 1658 Fresale
980 1610 1159 1656 decano
1201 1608 1260 1653 de
1308 1605 1545 1667 Lestalrig
1584 1603 1846 1652 rotulorum
1882 1606 2148 1650 nostrorum
2193 1605 2241 1648 et
2283 1602 2426 1664 regis-

489 1701 552 1748 tri
605 1715 661 1747 ac
711 1698 895 1747 consilii
943 1697 1115 1745 clerico
1168 1696 1311 1758 Apud
1367 1694 1608 1741 Abirdene
1657 1692 1840 1740 decimo
1887 1692 1962 1738 die
2015 1690 2190 1738 mensis
2246 1689 2427 1753 Aprilis

490 1805 613 1838 anno
673 1787 867 1835 Domini
917 1786 1173 1834 Millesimo
1220 1781 1694 1844 Quadringentesimo
1742 1779 2057 1842 Nonagesimo
2104 1783 2272 1841 quarto
2311 1807 2320 1815 -
2359 1779 2425 1826 Et

492 1877 625 1940 regni
649 1877 800 1925 nostri
825 1877 975 1924 Sexto
1016 1904 1025 1912 ·

492 2079 638 2126 Carta
662 2078 820 2125 Dauid
850 2076 964 2123 Rait
990 2076 1108 2123 ciuis
1133 2073 1344 2122 ciuitatis
1381 2071 1715 2118 Brechinensis
1755 2086 1897 2134 super
1931 2067 2250 2138 venditionem
2287 2068 2426 2115 unius

490 2167 750 2215 tenementi
777 2167 1048 2228 Margarete
1074 2161 1356 2225 Carmychel
1381 2159 1565 2207 ducisse
1591 2159 1774 2207 Montis
1792 2173 2005 2207 rosarum
2042 2193 2052 2202 .

371 2312 465 2359 107
502 2289 772 2369 Omnibus
806 2308 928 2360 hanc
965 2316 1146 2360 cartam
1182 2311 1351 2360 visuris
1374 2312 1447 2359 vel
1470 2312 1705 2360 audituris
1729 2311 1890 2358 Dauid
1920 2312 2035 2360 Rait
2059 2314 2177 2361 ciuis
2213 2314 2426 2363 ciuitatis

492 2404 826 2453 Brechinensis
864 2431 874 2440 ·
914 2431 923 2440 ·
964 2431 973 2440 ·
1011 2401 1185 2449 Sciatis
1208 2418 1284 2449 me
1321 2430 1331 2438 ·
1371 2429 1380 2438 ·
1422 2429 1432 2439 ·
1471 2401 1737 2448 vendidisse
1761 2415 1818 2448 ac
1837 2400 1978 2448 titulo
1999 2418 2115 2464 pure
2141 2403 2425 2452 venditionis

490 2496 834 2558 imperpetuum
877 2491 1109 2539 alienasse
1150 2494 1199 2538 et
1241 2491 1330 2537 hac
1371 2489 1580 2553 presenti
1622 2493 1756 2536 carta
1796 2504 1903 2535 mea
1942 2489 2242 2539 confirmasse
2277 2491 2422 2538 nobili

492 2584 678 2630 domine
707 2583 978 2644 Margarete
1002 2578 1284 2642 Carmychel
1308 2579 1492 2626 ducisse
1518 2578 1692 2626 montis
1716 2593 1927 2624 rosarum
1954 2577 2148 2626 Necnon
2172 2578 2424 2627 heredibus

491 2673 587 2721 suis
631 2676 679 2718 et
721 2669 971 2732 assignatis
1011 2673 1165 2716 totum
1202 2673 1252 2716 et
1286 2668 1519 2731 integrum
1557 2670 1881 2714 tenementum
1916 2682 2070 2714 meum
2100 2667 2267 2728 jacens
2301 2668 2424 2716 infra

490 2761 734 2807 ciuitatem
762 2758 1130 2806 Brechinensem
1153 2772 1215 2804 ex
1239 2761 1375 2820 parte
1400 2755 1683 2804 occidentali
1708 2755 1918 2803 eiusdem
1943 2755 2068 2802 inter
2100 2760 2253 2804 terras
2277 2772 2423 2819 quon-

449 2829 453 2833 *
490 2851 596 2895 dam
626 2847 856 2894 Willelmi
883 2847 1074 2908 Turyng
1095 2846 1155 2892 ad
1181 2845 1411 2893 orientem
1435 2848 1485 2892 et
1508 2849 1663 2892 terras
1687 2843 1923 2907 quondam
1950 2843 2203 2891 Laurencii
2228 2844 2420 2907 Smytht

489 2938 607 2985 alias
661 2937 898 2997 Lindesay
938 2935 999 2981 ad
1041 2933 1335 2982 occidentem
1377 2938 1426 2980 et
1468 2933 1591 2979 viam
1638 2947 1728 2995 que
1777 2931 1907 2978 ducit
1952 2931 2014 2979 ad
2058 2931 2313 2994 Petpullox
2359 2934 2420 2980 ad

489 3011 679 3072 boream
707 3028 755 3071 et
780 3024 902 3071 viam
927 3038 1018 3086 que
1051 3021 1181 3070 ducit
1205 3023 1265 3069 ad
1303 3021 1576 3068 Kindrokat
1612 3021 1673 3067 ad
1711 3023 1922 3067 austrum
1946 3034 2147 3066 unacum
2183 3035 2277 3067 una
2310 3036 2422 3068 acra

489 3119 614 3161 terre
639 3111 832 3160 arabilis
857 3111 1010 3158 eidem
1035 3110 1304 3173 pertinente
1320 3109 1514 3170 jacente
1539 3124 1600 3156 ex
1623 3111 1759 3170 parte
1784 3106 2066 3154 occidentali
2091 3107 2218 3155 dicte
2253 3108 2421 3157 ciuita-

487 3203 551 3249 tis
575 3202 698 3248 inter
721 3204 874 3247 terras
897 3199 1121 3246 heredum
1144 3197 1380 3260 quondam
1402 3196 1437 3242 J
1441 3195 1639 3244 ohannis
1662 3195 1764 3243 'rod
1788 3195 1850 3242 ad
1874 3195 2167 3243 occidentem
2192 3200 2241 3243 et
2265 3200 2418 3245 terras

489 3290 722 3353 quondam
750 3286 979 3334 Willelmi
1005 3286 1195 3348 Turyng
1217 3285 1278 3333 ad
1303 3285 1532 3333 orientem
1568 3287 1617 3331 et
1652 3287 1806 3331 terras
1847 3283 2041 3331 Ricardi
2080 3284 2332 3346 Lyndesay
2352 3286 2418 3332 ad
