2950 3970
527 631 602 684 40
699 629 1164 685 REGISTRUM
1201 628 1743 685 EPISCOPATUS
1784 628 2376 685 BREOHINENSIS.

520 817 612 865 fuit
637 818 762 881 quod
797 818 856 865 de
890 809 1376 868 bonis'defunctorum
1399 817 1651 866 mobilibus
1673 822 2018 866 consueuerunt
2052 819 2152 867 fieri
2175 822 2274 866 tres
2297 821 2460 880 partes

526 906 584 953 de
609 905 778 969 quibus
801 905 968 955 solutis
992 907 1165 955 debitis
1201 906 1242 955 si
1278 906 1454 954 fuerint
1478 921 1600 954 uxor
1636 909 1685 954 et
1724 906 1808 953 fflii
1845 907 2092 956 consueuit
2130 923 2250 978 uxor
2285 907 2458 954 habere

526 1010 667 1042 unam
690 994 883 1043 tertiam
906 996 1134 1044 bonorum
1159 994 1400 1042 mobilium
1423 993 1507 1040 filii
1530 997 1691 1042 autem
1727 998 1776 1042 et
1809 994 1947 1043 liberi
1982 1012 2122 1044 unam
2145 995 2343 1044 alteram
2367 999 2462 1042 ter-

524 1083 644 1131 tiam
682 1111 692 1120 ·
730 1083 796 1131 Et
835 1084 894 1130 de
931 1084 1076 1132 tertia
1098 1087 1235 1147 parte
1274 1099 1365 1146 que
1401 1082 1674 1130 remanebat
1699 1088 2043 1132 consueuerant
2068 1088 2348 1132 executores
2371 1083 2464 1132 dis-

528 1187 702 1235 ponere
738 1188 823 1235 pro
857 1172 1073 1236 exequiis
1107 1176 1157 1219 et
1192 1171 1350 1219 anima
1384 1171 1593 1219 defuncti
1630 1175 1680 1219 et
1714 1171 1871 1235 legata
1904 1172 2172 1236 persoluere
2209 1202 2219 1211 ·
2256 1173 2337 1220 De
2372 1188 2465 1236 qua

528 1260 674 1308 tertia
707 1265 844 1324 parte
869 1260 1078 1308 defuncti
1113 1264 1458 1308 consueuerant
1493 1264 1773 1308 executores
1808 1260 2075 1324 persoluere
2109 1261 2358 1309 ordinariis
2380 1276 2467 1324 pro

531 1349 883 1398 confirmatione
906 1348 1184 1398 testamenti
1219 1352 1268 1396 et
1302 1347 1543 1396 laboribus
1577 1348 1667 1396 sibi
1702 1348 2081 1397 incumbentibus
2116 1349 2362 1397 duodecim
2386 1350 2467 1396 de-

533 1439 691 1486 narios
715 1439 774 1485 de
795 1437 918 1485 libra
941 1437 1016 1485 vel
1038 1437 1208 1486 saltem
1232 1452 1512 1500 componere
1536 1453 1622 1500 pro
1648 1438 1813 1485 eadem
1853 1466 1862 1474 ·
1901 1438 2054 1492 Quam
2078 1437 2465 1486 consuetudinem

532 1532 585 1574 ut
609 1526 894 1575 laudabilem
917 1525 1244 1574 rationabilem
1271 1529 1545 1574 consuetam
1581 1529 1631 1573 et
1663 1526 1973 1589 approbatam
1998 1526 2209 1573 decreuit
2234 1525 2334 1589 ipse
2358 1541 2468 1573 con-

532 1619 782 1665 suet-nator
815 1632 845 1663 a
879 1615 1006 1663 clero
1041 1619 1090 1663 et
1125 1614 1299 1678 populo
1331 1614 1502 1662 debere
1527 1613 1769 1662 obseruari
1808 1643 1818 1651 -
1856 1614 2087 1676 Rogando
2112 1614 2265 1662 dictos
2288 1614 2468 1678 episco-

533 1721 620 1769 pos
654 1709 899 1769 presentes
934 1720 1040 1752 cum
1076 1703 1435 1766 congregatione
1470 1701 1638 1766 synodi
1673 1718 1866 1766 presens
1889 1703 2133 1750 decretum
2170 1702 2267 1751 suis
2303 1702 2468 1766 sigillis

531 1793 777 1842 attenticis
811 1792 1086 1841 communiri
1125 1820 1135 1830 ·
1173 1793 1299 1840 Acta
1332 1792 1521 1839 fuerunt
1549 1792 1637 1839 hec
1674 1792 1722 1838 in
1758 1790 1954 1840 consilio
1989 1792 2204 1855 predicto
2239 1806 2363 1839 anno
2398 1791 2468 1838 in-

533 1882 741 1930 dictione
768 1897 929 1930 mense
954 1881 1030 1928 die
1066 1885 1115 1928 et
1151 1880 1430 1943 pontificatu
1458 1880 1743 1943 supradictis
1781 1908 1790 1918 ·
1829 1879 2050 1928 Testibus
2073 1880 2298 1943 predictis
2322 1880 2468 1928 domi-

534 1971 608 2020 nis
644 1970 876 2034 episcopis
911 1969 991 2033 qui
1027 1985 1113 2018 sua
1147 1972 1466 2032 apposuerunt
1502 1968 1657 2031 sigilla
1690 1984 1873 2016 necnon
1908 1968 2145 2031 magistris
2187 1969 2369 2016 Thoma
2409 1970 2467 2016 de

537 2059 760 2108 Lawadir
782 2063 831 2107 et
853 2059 888 2105 J
892 2058 1075 2106 ohanne
1100 2056 1326 2106 Brekbell
1348 2056 1547 2105 notariis
1570 2056 1771 2120 publicis
1805 2057 1866 2104 ad
1898 2057 2127 2120 premissa
2149 2057 2322 2120 rogatis
2344 2058 2467 2122 pari-

535 2153 611 2197 ter
634 2152 682 2196 et
708 2147 948 2211 requisitIs
986 2174 995 2184 ·
1033 2146 1258 2209 Sequitur
1279 2145 1564 2208 subscriptio
1587 2145 1762 2192 notarii
1800 2173 1810 2182 ·

606 2237 672 2285 Et
697 2252 783 2299 ego
808 2236 1014 2284 Thomas
1038 2235 1096 2282 de
1122 2234 1372 2283 Lawadire
1408 2233 1632 2296 magister
1657 2233 1705 2280 in
1729 2233 1912 2281 artibus
1942 2233 2143 2282 vicarius
2168 2235 2226 2282 de
2252 2235 2468 2298 Erskyne

537 2324 843 2388 Glasguensis
887 2323 1115 2372 dioecesis
1160 2322 1377 2386 publicus
1421 2322 1679 2370 autoritate
1725 2322 1988 2385 apostolica
2039 2323 2253 2371 notarius
2308 2352 2317 2360 ·
2372 2324 2470 2371 De-

539 2413 792 2462 claracioni
832 2412 1016 2476 prefate
1051 2410 1404 2460 consuetudinis
1439 2414 1488 2458 et
1524 2411 1717 2459 decreto
1747 2411 2123 2460 conseruacionis
2157 2415 2206 2460 et
2241 2412 2471 2475 approba-

535 2504 680 2552 tionis
713 2501 1019 2564 omnibusque
1055 2500 1162 2548 aliis
1199 2503 1247 2548 et
1284 2498 1479 2562 singulis
1513 2499 1624 2546 dum
1647 2499 1716 2547 sic
1739 2503 1792 2547 ut
1816 2499 2110 2562 premittitur
2144 2503 2396 2562 agerentur
2419 2505 2468 2548 et

537 2593 703 2640 fierent
722 2605 922 2638 unacum
941 2588 1284 2654 prenominatis
1300 2588 1505 2636 testibus
1523 2587 1726 2635 dominis
1744 2587 1978 2651 episcopis
1996 2587 2248 2636 abbatibus
2271 2593 2319 2636 et
2344 2589 2470 2637 clero

539 2696 733 2744 presens
764 2679 957 2727 interfui
998 2694 1148 2742 eaque
1187 2677 1346 2725 omnia
1383 2681 1433 2725 et
1470 2676 1653 2739 singula
1694 2675 1764 2724 sic
1798 2676 1900 2723 fieri
1937 2676 2032 2724 vidi
2069 2681 2118 2724 et
2153 2676 2315 2724 audiui
2349 2679 2471 2725 etin

541 2773 704 2818 notam
739 2769 896 2832 recepi
941 2768 1052 2815 huic
1093 2765 1303 2831 presenti
1341 2765 1655 2814 instrumento
1690 2764 1844 2812 aliena
1874 2780 2016 2812 manu
2051 2764 2254 2813 fideliter
2295 2765 2471 2829 scripto

541 2859 722 2921 signum
741 2873 896 2904 meum
919 2836 1109 2905 solitum
1135 2859 1183 2903 et
1209 2858 1486 2903 consuetum
1523 2853 1719 2917 apposui
1757 2868 1954 2916 meaque
1985 2853 2175 2918 propria
2197 2868 2340 2902 manu
2362 2855 2470 2903 sub-

543 2946 710 3009 scripsi
734 2946 782 2993 in
807 2945 1012 2994 omnium
1037 2944 1371 3008 premissorum
1403 2943 1543 2990 fidem
1580 2946 1629 2990 et
1663 2941 1986 2990 testimonium
2021 2942 2226 2991 Thomas
2253 2943 2311 2989 de
2337 2943 2473 2991 Law-

545 3036 659 3098 dyre
701 3062 710 3071 ·
