2950 3970
423 558 495 611 84
561 557 1026 614 REGISTRUM
1062 558 1603 615 EPISOOPATUS
1644 559 2238 616 BRECHINENSIS.

424 746 633 810 episcopi
658 747 998 796 Sanctiandree
1025 747 1210 796 vocauit
1233 751 1452 797 tenentes
1475 748 1602 796 dicte
1627 748 1736 796 ville
1770 758 1886 798 tunc
1909 750 2083 798 ibidem
2120 754 2365 813 presentes

422 835 507 882 viz.
534 834 833 884 Nicholaium
858 837 1004 900 Speid
1029 835 1324 884 Willelmum
1348 835 1494 884 filium
1518 837 1552 883 J
1556 837 1755 886 ohannis
1791 838 2055 887 Robertum
2092 839 2287 902 Adyson
2315 843 2363 886 et

422 924 457 971 J
460 923 659 972 acobum
683 923 830 971 filium
856 924 1123 972 Alexandri
1165 952 1175 962 ·
1213 924 1280 972 Et
1304 924 1616 988 interrogauit
1655 941 1739 974 eos
1761 926 1802 974 si
1826 927 1885 974 ad
1911 926 2001 975 hoc
2038 926 2213 975 vellent
2255 942 2365 974 con-

425 1013 602 1061 sentire
637 1039 648 1051 ·
684 1013 778 1069 Qui
795 1013 969 1062 auisati
988 1014 1331 1077 responderunt
1355 1014 1480 1077 quod
1504 1014 1624 1062 bene
1648 1013 1828 1078 placuit
1853 1016 1922 1064 eis
1959 1043 1970 1054 ·
2008 1016 2074 1063 Et
2096 1019 2212 1064 tunc
2230 1031 2364 1063 oner-

423 1100 525 1149 auit
550 1101 707 1150 dictus
729 1101 932 1151 balliuus
969 1102 1167 1151 assisam
1191 1106 1306 1150 tunc
1330 1101 1530 1150 electam
1571 1106 1625 1150 ut
1662 1102 1752 1166 ipsi
1791 1103 1850 1151 de
1886 1103 2115 1166 predictis
2152 1103 2365 1152 seruiciis

425 1189 601 1238 vellent
635 1190 872 1254 inquirere
895 1206 984 1238 nec
1007 1206 1102 1238 non
1125 1194 1174 1239 et
1201 1192 1259 1239 de
1283 1191 1522 1255 obsequiis
1546 1191 1756 1255 episcopi
1781 1195 1830 1239 et
1855 1191 2040 1240 fidelem
2062 1192 2219 1240 facere
2243 1191 2363 1240 rela-

425 1279 607 1338 cionem
646 1307 656 1317 ·
695 1279 761 1328 Et
785 1279 950 1329 statim
973 1283 1082 1343 post
1105 1280 1196 1328 hoc
1221 1279 1336 1327 dicti
1361 1279 1538 1327 domini
1562 1279 1704 1329 electi
1742 1280 2040 1329 retrahentes
2075 1296 2127 1330 00
2165 1281 2223 1330 011
2258 1296 2364 1345 1101-

426 1372 525 1415 tem
549 1371 599 1416 et
623 1367 943 1416 deliberantes
966 1383 1107 1431 super
1143 1367 1234 1415 hoc
1270 1371 1380 1431 post
1403 1367 1750 1416 auisamentum
1788 1368 1997 1432 ipsorum
2033 1369 2275 1418 redierunt
2314 1370 2362 1416 in

427 1456 605 1504 curiam
631 1460 681 1504 et
704 1472 790 1520 per
815 1455 1107 1504 Willelmum
1133 1457 1192 1504 (10
1217 1457 1464 1504 Fentoune
1481 1455 1829 1520 prolocutorem
1849 1457 1976 1506 dicte
1999 1458 2147 1507 assise
2171 1474 2365 1507 concor-

428 1546 512 1594 des
534 1546 878 1609 responderunt
902 1546 1026 1609 quod
1052 1544 1254 1609 predicti
1287 1548 1508 1593 tenentes
1533 1546 1592 1592 de
1618 1545 1922 1594 Kuikstoune
1957 1550 2007 1594 et
2041 1546 2363 1596 inhabitantes

426 1638 768 1683 consueverunt
792 1633 969 1683 seruire
994 1633 1228 1697 episcopis
1253 1633 1651 1682 Brechinensibus
1685 1633 1895 1697 quolibet
1918 1650 2044 1683 anno
2067 1651 2210 1698 quum
2245 1636 2362 1683 dicti

427 1722 636 1786 episcopi
658 1723 748 1772 hoc
771 1723 998 1787 petebant
1023 1721 1221 1785 quilibet
1245 1737 1404 1770 eorum
1429 1737 1514 1785 per
1537 1738 1681 1769 unum
1718 1722 1843 1770 diem
1878 1723 1938 1770 de
1971 1723 2144 1771 aratris
2179 1724 2278 1772 suis
2314 1725 2362 1771 in

427 1811 648 1859 (1011101110
670 1827 756 1860 0110
779 1812 838 1859 (10
863 1809 1084 1859 Fernvvel
1121 1838 1131 1847 ·
1170 1810 1235 1858 Et
1260 1811 1318 1858 de
1343 1826 1438 1858 una
1461 1809 1592 1859 dieta
1615 1811 1673 1858 de
1699 1810 1947 1860 Harrowis
1984 1839 1994 1852 ·
2032 1812 2159 1860 Item
2183 1813 2242 1860 de
2267 1829 2361 1860 una

423 1900 554 1948 dieta
575 1899 625 1947 111
648 1904 907 1963 autumpno
931 1900 989 1947 de
1013 1898 1297 1948 messoribus
1336 1926 1346 1936 ·
1384 1898 1451 1947 Et
1475 1899 1533 1946 (10
1561 1914 1653 1947 11110
1676 1898 1807 1947 dieta
1841 1899 1890 1947 in
1926 1900 2146 1948 ductione
2181 1901 2309 1948 bladi
2348 1930 2359 1939 ·

427 1988 494 2036 Et
518 1989 643 2053 quod
668 1988 849 2052 quilbet
873 2003 1035 2036 00111111
1058 1986 1241 2036 solebat
1266 1987 1444 2035 seruire
1470 1987 1560 2036 sibi
1585 2003 1691 2035 cum
1717 1986 1931 2051 plaustro
1955 2004 2040 2037 0110
2064 1989 2113 2036 111
2137 1989 2359 2038 ductione

429 2078 525 2125 feni
564 2105 574 2115 ·
612 2077 678 2125 Et
702 2093 787 2140 per
810 2092 951 2124 unam
977 2076 1154 2124 dietam
1192 2091 1299 2123 cum
1329 2074 1554 2139 plaustris
1577 2075 1626 2122 in
1650 2075 1872 2124 ductione
1904 2077 2148 2125 turbarum
2187 2106 2196 2115 ·
2234 2078 2360 2126 Item

428 2169 767 2214 consueverunt
791 2165 955 2214 molire
979 2164 1122 2213 blada
1145 2180 1230 2214 sua
1253 2165 1315 2212 ad
1338 2163 1659 2212 molendinum
1694 2164 1903 2228 episcopi
1930 2166 1988 2212 de
2013 2165 2250 2215 Fernwell
2275 2183 2360 2230 pro

427 2255 577 2303 libera
623 2254 830 2303 multura
867 2282 877 2292 ·
915 2254 981 2302 Et
1020 2252 1262 2300 habebunt
1307 2252 1575 2316 proximum
1620 2251 1776 2300 locum
1815 2257 1925 2316 post
1967 2254 2205 2302 dominum
2244 2283 2255 2293 ·
2293 2256 2359 2302 Et

429 2343 636 2392 solueret
661 2343 859 2407 quilibet
884 2358 1045 2390 eorum
1069 2358 1209 2389 unam
1233 2340 1437 2390 firlotam
1462 2341 1593 2389 ordei
1617 2340 1665 2388 in
1688 2357 1813 2388 anno
1835 2357 1922 2405 pro
1945 2342 2103 2406 ryngis
2142 2371 2151 2380 ·
2190 2343 2256 2391 Et
2275 2360 2360 2408 pro

426 2433 519 2481 isto
543 2431 744 2481 seruicio
766 2434 960 2479 tenetur
983 2431 1232 2493 episcopus
1256 2430 1368 2477 (1010
1392 2429 1462 2478 010
1489 2445 1627 2477 unam
1653 2429 1774 2477 viam
1810 2445 1900 2494 que
1936 2430 2110 2479 dicitur
2134 2431 2358 2495 Lonynge

427 2503 513 2584 per
535 2536 676 2584 quam
699 2523 892 2583 possent
916 2519 984 2566 ire
1008 2518 1070 2566 ad
1093 2533 1310 2580 magnam
1328 2531 1510 2565 moram
1533 2532 1592 2565 ac
1614 2516 1863 2565 licenciam
1882 2518 2099 2581 capiendi
2122 2520 2360 2568 bruarium

430 2610 479 2656 in
503 2624 635 2656 mora
653 2623 739 2657 0110
757 2608 816 2655 (10
836 2605 1071 2655 Fernwell
1093 2607 1155 2654 ad
1180 2621 1315 2654 usum
1338 2605 1544 2668 ipsorum
1583 2633 1592 2642 -
1630 2605 1697 2653 Et
1720 2605 1761 2654 si
1785 2606 2109 2656 desiderarent
2131 2609 2360 2672 proiicere

427 2696 592 2746 turbas
616 2697 666 2743 in
689 2711 822 2743 mora
845 2711 931 2744 sua
952 2710 1039 2758 per
1061 2694 1367 2756 sergeandum
1387 2708 1522 2742 suum
1540 2693 1602 2740 ad
1619 2693 1904 2756 peticionem
1923 2693 2130 2758 ipsorum
2153 2697 2360 2759 assigna-

430 2789 503 2834 ret
522 2784 592 2834 eis
611 2800 828 2848 campum
851 2784 910 2831 ad
937 2782 1231 2831 commodum
1250 2786 1300 2829 et
1318 2782 1379 2828 ad
1396 2796 1532 2829 usum
1550 2781 1757 2844 ipsorum
1781 2780 1860 2828 ubi
1884 2797 1978 2829 non
2000 2782 2123 2831 foret
2141 2799 2359 2847 magnum

432 2875 684 2936 dampnum
711 2871 933 2935 episcopo
971 2898 981 2908 ·
1019 2871 1126 2926 Qua
1149 2869 1493 2918 deliberacione
1525 2868 1594 2916 sic
1630 2867 1833 2916 recitata
1869 2884 1954 2932 per
1983 2870 2180 2919 assisam
2204 2872 2359 2922 dictus

432 2961 647 3009 dominus
670 2959 916 3022 episcopus
939 2958 1079 3022 petiit
1116 2974 1147 3005 a
1181 2973 1257 3005 me
1279 2956 1466 3005 notario
1483 2955 1672 3019 publico
1695 2971 1836 3019 super
1861 2956 1952 3005 hiis
1974 2958 2066 3006 sibi
2088 2959 2188 3006 fieri
2211 2961 2364 3024 publi-

430 3066 536 3098 cum
560 3050 922 3097 instrumentum
949 3049 1075 3094 Acta
1095 3047 1286 3094 fuerunt
1309 3045 1398 3092 hec
1421 3044 1468 3091 in
1493 3044 1623 3092 dicta
1646 3043 1776 3092 curia
1798 3045 1923 3107 apud
1949 3045 2266 3108 Kuykstoune
2285 3050 2360 3097 die

428 3153 587 3186 mense
625 3151 750 3184 anno
787 3135 1044 3182 indictione
1081 3138 1131 3182 et
1168 3133 1446 3197 pontificatu
1468 3131 1752 3195 supradictis
1773 3132 1977 3182 testibus
1995 3134 2229 3184 nobilibus
2252 3138 2363 3186 viris

432 3225 708 3274 Alexandro
731 3225 790 3271 de
815 3222 984 3285 Ogiluy
1002 3221 1278 3270 vicecomite
1302 3221 1516 3284 predicto
1538 3236 1596 3268 ac
1613 3219 1789 3268 balliuo
1812 3220 1928 3269 dicti
1953 3222 2130 3270 domini
2153 3225 2360 3290 episcopi
