2950 3970
522 638 595 698 76
693 642 1158 700 REGISTRUM
1196 646 1737 702 EPISCOPATUS
1778 640 2371 702 BRECHINENSIS.

525 828 605 891 qui
624 829 822 880 vicarius
845 848 991 896 usque
1015 834 1063 880 in
1089 834 1366 882 hodiernum
1390 834 1516 882 diem
1541 834 1610 883 sic
1634 834 1930 882 continuauit
1950 832 2132 882 solutus
2169 858 2179 868 ·
2216 825 2455 876 Duodeci-

526 932 603 964 mo
629 918 763 981 ponit
799 923 849 967 et
886 921 1087 984 probare
1123 921 1328 970 intendit
1364 923 1490 986 quod
1526 921 1681 970 dictus
1719 921 1982 970 vicecomes
2004 920 2053 968 in
2074 916 2316 983 presentia
2339 913 2454 961 dicti

524 1005 728 1053 Walteri
751 1007 960 1072 episcopi
984 1013 1033 1057 et
1057 1009 1252 1073 capituli
1288 1010 1480 1058 deuenit
1513 1009 1700 1058 debitor
1734 1010 1793 1057 de
1829 1009 2017 1058 residuo
2053 1007 2179 1055 dicte
2214 1003 2453 1069 pensionis

518 1093 579 1140 ad
603 1093 894 1143 voluntatem
921 1097 1154 1145 dictorum
1178 1098 1387 1162 episcopi
1424 1101 1473 1146 et
1511 1097 1705 1161 capituli
1732 1097 1933 1145 dicendo
1971 1124 1981 1134 ·
2019 1097 2120 1158 Ego
2142 1094 2337 1142 intendo
2362 1091 2451 1138 deo

520 1182 637 1229 duce
682 1187 936 1247 antequam
959 1186 1134 1233 moriar
1168 1185 1274 1249 plus
1308 1185 1534 1249 proficere
1569 1185 1790 1249 episcopo
1830 1188 1879 1233 et
1918 1183 2127 1248 capitulo
2167 1196 2307 1245 quam
2345 1182 2451 1226 tota

517 1271 681 1332 pensio
706 1271 831 1319 valet
869 1301 879 1310 -

585 1359 891 1408 Examinatio
914 1361 1110 1410 testium
1136 1361 1183 1408 in
1208 1377 1352 1410 causa
1374 1361 1590 1425 predicta
1613 1361 1792 1425 primus
1814 1360 1956 1408 testis
1979 1359 2201 1422 magister
2219 1356 2452 1405 Cuthber·

517 1451 595 1495 tus
621 1447 817 1495 Henrici
837 1449 1043 1498 decanus
1067 1449 1401 1499 Brechinensis
1438 1449 1766 1511 octogenarius
1803 1453 1852 1497 et
1887 1448 2012 1496 ultra
2029 1448 2219 1510 juratus
2257 1449 2306 1493 et
2346 1443 2450 1492 dili·

513 1540 679 1598 genter
692 1537 991 1586 examinatus
1018 1538 1336 1602 interrogatus
1362 1566 1372 1577 ·
1399 1538 1475 1586 De
1494 1538 1647 1602 primo
1667 1537 1869 1585 articulo
1887 1553 1972 1600 per
1985 1552 2120 1585 suum
2129 1536 2450 1597 juramentum

518 1624 640 1671 dixit
664 1626 788 1688 quod
812 1625 1014 1674 ecclesia
1036 1626 1252 1689 predicta
1286 1627 1345 1674 de
1382 1626 1592 1675 Lethnot
1627 1630 1820 1674 tenetur
1852 1625 2052 1674 astricta
2086 1623 2308 1687 episcopo
2333 1621 2450 1668 Bre-

518 1713 728 1761 chinensi
753 1718 802 1762 et
825 1714 1035 1778 capitulo
1059 1715 1269 1763 eiusdem
1293 1715 1342 1762 in
1365 1715 1592 1778 pensione
1626 1730 1783 1762 annua
1806 1713 1971 1776 viginti
1989 1717 2098 1760 octo
2119 1726 2378 1759 marcarum
2401 1713 2450 1757 et

517 1802 587 1848 ita
609 1802 699 1849 fuit
725 1802 984 1851 communis
1006 1803 1134 1850 fama
1157 1803 1364 1850 omnium
1398 1818 1587 1851 suorum
1622 1802 2004 1866 predecessorum
2041 1829 2052 1839 ·
2089 1801 2166 1847 Ad
2193 1799 2448 1848 secundum

515 1889 765 1938 articulum
789 1891 1068 1939 affirmative
1093 1890 1336 1955 respondit
1364 1919 1374 1928 ·
1402 1892 1479 1938 Ad
1502 1890 1698 1938 tertium
1721 1888 1972 1937 articulum
1992 1888 2235 1952 respondit
2249 1888 2449 1934 affirma-

513 1978 609 2026 tive
647 2006 656 2016 ·
696 1980 773 2026 Ad
809 1983 1028 2042 quartum
1065 1979 1316 2027 articulum
1352 1979 1607 2042 respondet
1642 1978 1924 2026 affirmatiue
1961 1981 2010 2024 et
2048 1976 2174 2024 ultra
2208 1976 2298 2022 hoc
2334 1973 2449 2022 dicit

518 2067 642 2130 quod
666 2067 784 2114 vidit
807 2067 939 2115 illum
964 2084 1136 2131 equum
1159 2067 1472 2115 deliberatum
1495 2067 1543 2113 in
1567 2070 1752 2130 partem
1775 2065 2025 2115 solutionis
2050 2065 2176 2112 dicte
2210 2063 2450 2128 pensionis

520 2155 598 2202 Ad
623 2155 836 2218 quintum
861 2155 1111 2203 articulum
1135 2156 1377 2220 respondit
1400 2155 1681 2203 affirmatiue
1718 2182 1730 2194 ·
1769 2154 1850 2202 Ad
1873 2158 2062 2207 sextum
2086 2150 2336 2202 articulum
2356 2168 2451 2200 res-

519 2244 686 2306 pondit
717 2244 936 2306 negatiue
973 2247 1022 2291 et
1059 2243 1181 2292 dixit
1230 2244 1355 2308 quod
1386 2260 1504 2292 unus
1538 2243 1875 2306 prebendarius
1910 2241 2108 2290 ecclesie
2143 2241 2355 2304 predicte
2391 2241 2449 2288 de

522 2332 732 2380 Lethnot
756 2332 839 2379 viz.
868 2331 1139 2380 Willelmus
1163 2334 1221 2380 de
1248 2333 1542 2395 Enuerpeffir
1559 2331 1845 2396 precedebat
1882 2330 2156 2393 magistrum
2179 2331 2214 2377 J
2218 2330 2451 2378 ohannem

521 2420 578 2467 de
615 2421 778 2483 Angus
814 2447 825 2458 ·
863 2421 947 2468 Ad
991 2420 1243 2484 septimum
1278 2420 1528 2469 articulum
1560 2420 1803 2483 respondit
1837 2419 2118 2467 affirmatiue
2155 2446 2166 2456 ·
2203 2418 2286 2466 Ad
2322 2423 2452 2467 octa-

524 2525 634 2556 uum
672 2508 921 2557 articulum
959 2509 1201 2572 respondit
1251 2510 1375 2573 quod
1422 2509 1638 2557 dominus
1690 2507 1960 2556 Willelmus
2008 2507 2213 2570 Wrycht
2263 2506 2452 2570 reliquit

523 2597 668 2645 talem
695 2613 923 2645 summam
947 2597 1168 2661 episcopo
1204 2601 1253 2646 et
1288 2596 1496 2661 capitulo
1533 2596 1841 2645 Brechinensi
1864 2600 1914 2644 et
1938 2595 2090 2643 credit
2114 2596 2238 2658 quod
2263 2595 2452 2660 reliquit

525 2685 655 2733 illam
714 2701 942 2734 summam
990 2685 1039 2732 in
1093 2689 1279 2749 partem
1339 2684 1594 2734 solucionis
1651 2685 1778 2733 dicte
1837 2684 2076 2748 pensionis
2114 2711 2124 2721 ·
2161 2684 2239 2732 Ad
2279 2699 2452 2733 nonum

527 2773 775 2821 articulum
828 2774 1071 2837 respondit
1125 2773 1404 2822 affirmatiue
1442 2802 1452 2811 ·
1490 2774 1567 2821 Ad
1634 2774 1865 2822 decimum
1915 2773 2166 2822 articulum
2213 2775 2455 2837 respondit

527 2863 806 2911 affirmatiue
857 2890 868 2900 ·
922 2863 1000 2910 Ad
1035 2863 1331 2911 undecimum
1380 2861 1632 2910 articulum
1689 2861 1932 2925 respondit
1982 2862 2262 2909 affirmatiue
2316 2890 2327 2900 ·
2378 2864 2455 2910 Ad

529 2951 855 2999 duodecimum
919 2950 1170 2999 articulum
1224 2951 1467 3014 respondit
1529 2950 1810 2998 affirmatiue
1861 2977 1872 2987 ·
1926 2949 1994 2997 Et
2045 2949 2140 2998 ista
2185 2965 2271 3013 per
2321 2966 2456 2999 suum

522 3040 839 3102 juramentum
899 3039 1022 3088 dixit
1075 3055 1164 3087 nec
1207 3054 1348 3102 prece
1402 3038 1558 3103 pretio
1608 3038 1718 3086 odio
1773 3036 1846 3086 vel
1896 3037 2060 3086 fauore
2116 3039 2199 3086 sed
2250 3042 2458 3088 tantum-

529 3130 671 3176 modo
705 3128 765 3175 ad
800 3127 1136 3191 perhibendum
1159 3126 1297 3176 fidele
1328 3127 1651 3176 testimonium
1687 3126 1876 3174 veritati
1915 3154 1924 3164 -
1962 3126 2195 3175 Dominus
2215 3127 2457 3179 Gilbertus

533 3218 694 3264 Bronn
717 3220 969 3279 precentor
993 3214 1193 3265 ecclesie
1219 3215 1555 3263 Brechinensis
1577 3215 1813 3264 secundus
1836 3214 1976 3263 testis
1999 3216 2385 3278 septuagenarius
2408 3223 2457 3266 et

528 3305 654 3355 ultra
670 3305 859 3367 juratus
881 3308 930 3353 et
955 3303 1203 3367 diligenter
1226 3303 1527 3352 examinatus
1560 3303 1609 3351 in
1645 3302 1861 3352 omnibus
1896 3303 2151 3351 concordat
2176 3318 2280 3351 cum
2304 3305 2456 3367 primo
