2950 3970
1197 592 1656 650 TABULA.
2451 610 2544 662 xix

716 766 852 804 Leitch
881 772 1077 804 tenement
1104 768 1178 805 and
1206 768 1251 806 of
1273 769 1440 819 Quhytis
1468 773 1577 810 zeard
1605 779 1644 811 at
1672 774 1737 811 the
1759 781 1853 812 west
1881 784 1967 825 port
1993 783 2032 815 to
2059 777 2221 842 Richatd
2251 780 2442 831 Cbepman
2471 785 2543 820 and

717 829 878 867 Grissell
900 830 1067 879 Ramsay
1087 831 1146 868 his
1164 844 1292 881 spous.
1348 832 1418 884 [23
1438 835 1535 885 May
1558 837 1670 874 1537.
1676 835 1691 888 ]

348 956 554 995 CXXVII.
612 955 752 994 Obitus
770 957 943 1007 magistri
967 958 1126 997 Henrici
1146 960 1267 1007 Quhit
1287 962 1422 1001 decani
1444 963 1722 1002 BrechinensiS.
1779 962 1795 1015 [
1869 964 1964 1003 Jun.
1987 966 2119 1019 1541.]

330 1083 555 1120 CXXVIII.
608 1083 909 1121 lustramentum
930 1084 1099 1123 Saisinae
1119 1086 1157 1123 in
1175 1086 1344 1125 favorem
1366 1088 1656 1137 Capellanorum
1678 1089 1792 1129 Chori
1816 1091 2092 1131 Brechinensis.
2150 1090 2218 1144 [15
2237 1095 2264 1132 J
2270 1108 2331 1133 un.
2356 1096 2485 1147 1541.]

366 1208 548 1246 CXXIX.
607 1209 723 1247 Carta
748 1208 984 1247 feodifirmae
1012 1223 1195 1250 concessa
1221 1225 1289 1261 per
1316 1213 1445 1252 David
1473 1215 1600 1252 Broun
1621 1223 1660 1253 et
1679 1217 1864 1254 Thomam
1896 1217 1924 1254 F
1927 1218 2110 1265 ynlasoun
2140 1220 2354 1268 capellanos
2373 1221 2537 1259 Johanni

713 1271 862 1321 Lyddel
882 1278 921 1310 et
940 1273 1137 1312 Elizabeth
1160 1274 1321 1324 Wemys
1341 1277 1424 1327 ejus
1442 1279 1608 1329 conjugi.
1664 1275 1707 1329 [4
1728 1280 1818 1317 Maii
1841 1279 1975 1332 1547]

389 1398 549 1435 CXXX.
607 1398 909 1436 Instrumentum
943 1398 991 1436 de
1018 1382 1257 1439 recusatione
1287 1402 1468 1453 Episcopi
1496 1405 1763 1442 Brechinensis
1791 1410 1912 1455 magm·
1933 1407 2141 1456 Georgium
2172 1407 2355 1456 Hepburn
2386 1411 2421 1446 in
2450 1423 2536 1447 cau-

709 1461 902 1499 cellariam
918 1461 1090 1500 eiusdem
1110 1475 1179 1512 per
1197 1464 1438 1504 collationem
1458 1467 1686 1505 ordinariam
1706 1470 1892 1517 accipere.
1948 1466 2016 1519 [16
2038 1470 2127 1507 Oct.
2150 1470 2281 1522 1548]

366 1589 548 1627 CXXXI.
607 1589 908 1627 Instrumentum
930 1590 1077 1628 Saisine
1096 1590 1134 1627 in
1153 1590 1324 1629 fauorem
1347 1593 1518 1642 magistri
1545 1593 1691 1633 Thome
1713 1595 1899 1632 Meldrum
1916 1595 1963 1633 de
1983 1595 2098 1644 Segy.
2155 1594 2223 1646 [10
2250 1596 2275 1633 J
2281 1609 2340 1633 an.
2364 1583 2537 1649 154839.]

344 1717 548 1754 CXXXII.
603 1717 904 1754 Instrumentum
930 1716 1214 1766 Resignationis
1235 1719 1273 1754 in
1291 1718 1460 1756 favorem
1482 1720 1651 1769 magistri
1673 1719 1831 1769 Georgii
1852 1720 2051 1758 Meldrum.
2107 1719 2174 1771 [13
2197 1722 2287 1758 Maii
2311 1722 2441 1774 1549.]

319 1843 544 1882 CXXXIII.
603 1843 718 1881 Carta
736 1842 950 1881 feodifirme
970 1855 1154 1882 concessa
1171 1857 1240 1893 per
1270 1844 1496 1894 Capellanos
1515 1850 1554 1883 et
1575 1844 1771 1884 choristas
1793 1846 1906 1884 Chori
1926 1846 2190 1884 Brechinensis
2209 1847 2373 1885 Johanui
2396 1847 2533 1884 Thom-

707 1918 802 1943 soun
831 1912 873 1945 et
891 1907 973 1945 eius
993 1918 1143 1955 sponse.
1200 1903 1217 1957 [
1500 1907 1633 1961 1549.]
2057 1916 2062 1919 “

326 2033 548 2072 CXXXIV.
607 2006 903 2071 Uniovduarum
937 2035 1230 2083 capellaniarum
1263 2034 1505 2074 fundatarum
1539 2048 1607 2084 per
1637 2036 1831 2074 dominum
1866 2036 2072 2074 Robertum
2106 2036 2152 2073 de
2183 2035 2332 2085 Erskyn
2367 2036 2530 2073 militem.

707 2094 776 2147 [18
796 2103 835 2134 et
854 2099 902 2134 27
923 2096 1021 2136 Jun.
1043 2097 1177 2150 1556.]

340 2224 540 2262 CXXXV.
598 2225 684 2262 Ane
714 2224 879 2281 Precept
897 2224 942 2261 of
958 2224 1064 2261 Sesin
1094 2226 1209 2273 geuin
1239 2226 1285 2262 be
1310 2224 1374 2261 the
1394 2224 1496 2262 larde
1516 2224 1560 2262 of
1586 2206 1842 2262 Strakmqtene
1861 2228 1902 2262 to
1922 2223 2033 2262 infest
2052 2224 2108 2259 his
2137 2224 2243 2271 wyiff
2264 2223 2465 2273 according
2484 2230 2524 2261 to

707 2279 771 2325 the
792 2293 976 2325 contract.
1033 2285 1102 2338 [28
1123 2288 1216 2337 May
1241 2289 1351 2325 1559
1358 2287 1373 2340 ]

323 2414 546 2453 CXXXVI.
605 2414 720 2452 Carta
750 2413 957 2451 Alexandri
977 2413 1161 2463 Episcopi
1182 2413 1321 2451 Comiti
1341 2413 1564 2463 Ergadiensi
1585 2425 1776 2451 concessa.
1831 2410 1899 2463 [10
1921 2413 2016 2450 Dec.
2041 2411 2170 2463 1566.]

305 2540 547 2579 CXXXVII.
603 2542 719 2579 Carta
736 2539 972 2578 feodifirmae
991 2552 1173 2578 concessa
1200 2553 1268 2589 per
1286 2539 1544 2577 Alexandrum
1574 2538 1804 2588 Episcopum
1828 2538 2121 2576 Brechinensem
2142 2537 2332 2574 Willeltno
2354 2537 2525 2584 Kynloch

703 2603 863 2654 ejusque
882 2615 1056 2652 sponsae.
1113 2600 1182 2654 [14
1203 2602 1292 2641 Jan.
1315 2600 1490 2654 1566-7.]

286 2731 551 2769 CXXXVIII.
603 2731 721 2769 Carta
738 2730 975 2768 feodifirmae
995 2742 1176 2768 concessa
1196 2742 1262 2778 per
1281 2728 1441 2766 eundem
1471 2727 1726 2765 Alexandrum
1747 2724 1976 2775 Episcopum
1996 2724 2177 2773 magistro
2195 2723 2335 2761 Joauni
2358 2723 2523 2760 Hwtoun

701 2794 748 2831 de
770 2793 898 2832 Eister
918 2793 1137 2831 Belleleisk.
1194 2790 1262 2843 [16
1282 2793 1370 2830 Jan.
1394 2789 1570 2841 1566-7.]

323 2920 543 2958 CXXXIX.
599 2920 715 2958 Carta
745 2919 980 2958 feodifirmae
1013 2932 1195 2957 concessa
1230 2931 1298 2968 per
1330 2918 1489 2955 eundem
1524 2916 1778 2954 Alexandrum
1810 2913 2041 2963 Episcopum
2073 2912 2211 2949 Joanni
2246 2910 2335 2947 Low
2369 2910 2523 2958 ejusque

697 2994 871 3032 sponsae.
929 2980 945 3033 [
1192 2980 1324 3033 1569.]

425 3110 544 3148 CXL.
603 3110 720 3148 Carta
743 3109 980 3147 feodifirmae
1009 3121 1191 3147 concessa
1218 3121 1286 3158 per
1305 3106 1429 3144 David
1454 3104 1812 3144 commendatarium
1842 3102 1889 3138 de
1919 3099 2142 3148 Drybrueht
2161 3105 2199 3135 et
2218 3097 2519 3134 archidiaconum

705 3173 1003 3211 Brechinensem
1019 3173 1200 3223 magistro
1216 3171 1386 3209 Thomae
1406 3169 1570 3216 Ramsay
1591 3167 1748 3216 ejusque
1768 3177 1939 3213 sponsae.
1996 3160 2037 3214 [9
2058 3161 2288 3205 Dec.1577,
2316 3165 2353 3195 et
2381 3158 2404 3193 3
2432 3157 2517 3194 Jan.

701 3237 818 3274 1577-
822 3238 858 3274 8.
863 3236 879 3288 ]

400 3364 539 3402 CXLI.
598 3364 898 3402 Instrumentum
928 3363 1099 3401 Saisinae
1125 3361 1164 3399 in
1190 3360 1361 3398 favorem
1389 3358 1480 3395 dieti
1510 3356 1678 3394 Thomae
1708 3355 1874 3402 Ramsay
1901 3353 2058 3402 ejusque
2086 3359 2255 3397 sponsae.
2329 3343 2393 3395 [11
2423 3344 2511 3381 Jun.

699 3424 832 3476 1579.]
