<?xml version="1.0" encoding="UTF-8"?>
<!DOCTYPE html PUBLIC "-//W3C//DTD XHTML 1.0 Transitional//EN"
    "http://www.w3.org/TR/xhtml1/DTD/xhtml1-transitional.dtd">
<html xmlns="http://www.w3.org/1999/xhtml" xml:lang="en" lang="en">
 <head>
  <title>
</title>
<meta http-equiv="Content-Type" content="text/html;charset=utf-8" />
  <meta name='ocr-system' content='tesseract 3.04.00' />
  <meta name='ocr-capabilities' content='ocr_page ocr_carea ocr_par ocr_line ocrx_word'/>
</head>
<body>
  <div class='ocr_page' id='page_1' title='image "./registrumepiscop01brecuoft_0197.png"; bbox 0 0 2950 3970; ppageno 0'>
   <div class='ocr_carea' id='block_1_1' title="bbox 740 621 2531 689">
    <p class='ocr_par' dir='ltr' id='par_1_1' title="bbox 740 621 2531 689">
     <span class='ocr_line' id='line_1_1' title="bbox 740 621 2531 689; baseline 0.008 -14"><span class='ocrx_word' id='word_1_1' title='bbox 740 621 1208 679; x_wconf 81' lang='lat' dir='ltr'>REGISTRUM</span> <span class='ocrx_word' id='word_1_2' title='bbox 1245 625 1786 683; x_wconf 83' lang='lat' dir='ltr'>EPISCOPATUS</span> <span class='ocrx_word' id='word_1_3' title='bbox 1827 627 2418 689; x_wconf 84' lang='lat' dir='ltr'><strong>BREOHINENSIS.</strong></span> <span class='ocrx_word' id='word_1_4' title='bbox 2459 635 2531 688; x_wconf 80' lang='lat'>85</span> 
     </span>
    </p>
   </div>
   <div class='ocr_carea' id='block_1_2' title="bbox 590 811 2519 2467">
    <p class='ocr_par' dir='ltr' id='par_1_2' title="bbox 595 811 2519 1232">
     <span class='ocr_line' id='line_1_2' title="bbox 599 811 2519 879; baseline 0.006 -22"><span class='ocrx_word' id='word_1_5' title='bbox 599 811 939 859; x_wconf 88' lang='lat' dir='ltr'>Sanctiandree</span> <span class='ocrx_word' id='word_1_6' title='bbox 978 812 1212 862; x_wconf 89' lang='lat' dir='ltr'>Duncano</span> <span class='ocrx_word' id='word_1_7' title='bbox 1249 815 1308 862; x_wconf 92' lang='lat' dir='ltr'>de</span> <span class='ocrx_word' id='word_1_8' title='bbox 1347 816 1624 879; x_wconf 83' lang='lat' dir='ltr'>Lychtoune</span> <span class='ocrx_word' id='word_1_9' title='bbox 1662 817 1855 865; x_wconf 89' lang='lat' dir='ltr'>Andrea</span> <span class='ocrx_word' id='word_1_10' title='bbox 1892 817 2130 866; x_wconf 87' lang='lat' dir='ltr'>Malewile</span> <span class='ocrx_word' id='word_1_11' title='bbox 2167 820 2438 868; x_wconf 85' lang='lat' dir='ltr'>Alexandro</span> <span class='ocrx_word' id='word_1_12' title='bbox 2462 823 2519 868; x_wconf 91' lang='lat' dir='ltr'>de</span> 
     </span>
     <span class='ocr_line' id='line_1_3' title="bbox 599 900 2519 971; baseline 0.006 -25"><span class='ocrx_word' id='word_1_13' title='bbox 599 900 781 948; x_wconf 86' lang='lat' dir='ltr'>Gardin</span> <span class='ocrx_word' id='word_1_14' title='bbox 831 900 1074 950; x_wconf 90' lang='lat' dir='ltr'>Willelmo</span> <span class='ocrx_word' id='word_1_15' title='bbox 1121 903 1179 950; x_wconf 92' lang='lat' dir='ltr'>de</span> <span class='ocrx_word' id='word_1_16' title='bbox 1221 904 1466 952; x_wconf 90' lang='lat' dir='ltr'>Fentoune</span> <span class='ocrx_word' id='word_1_17' title='bbox 1491 903 1731 953; x_wconf 87' lang='lat' dir='ltr'>·Gilberto</span> <span class='ocrx_word' id='word_1_18' title='bbox 1777 904 1992 968; x_wconf 85' lang='lat' dir='ltr'>Carnegy</span> <span class='ocrx_word' id='word_1_19' title='bbox 2039 906 2261 955; x_wconf 90' lang='lat' dir='ltr'>Duthaco</span> <span class='ocrx_word' id='word_1_20' title='bbox 2307 909 2519 971; x_wconf 83' lang='lat' dir='ltr'>Carnegy</span> 
     </span>
     <span class='ocr_line' id='line_1_4' title="bbox 597 990 2517 1058; baseline 0.004 -21"><span class='ocrx_word' id='word_1_21' title='bbox 597 990 808 1038; x_wconf 89' lang='lat' dir='ltr'>Patricio</span> <span class='ocrx_word' id='word_1_22' title='bbox 832 991 891 1037; x_wconf 92' lang='lat' dir='ltr'>de</span> <span class='ocrx_word' id='word_1_23' title='bbox 917 991 1149 1039; x_wconf 86' lang='lat' dir='ltr'>Annande</span> <span class='ocrx_word' id='word_1_24' title='bbox 1173 1007 1312 1055; x_wconf 91' lang='lat' dir='ltr'>super</span> <span class='ocrx_word' id='word_1_25' title='bbox 1347 993 1438 1041; x_wconf 87' lang='lat' dir='ltr'>hoc</span> <span class='ocrx_word' id='word_1_26' title='bbox 1474 992 1744 1056; x_wconf 78' lang='lat' dir='ltr'>specialiter</span> <span class='ocrx_word' id='word_1_27' title='bbox 1779 993 1956 1055; x_wconf 88' lang='lat' dir='ltr'>rogatis</span> <span class='ocrx_word' id='word_1_28' title='bbox 1993 997 2042 1042; x_wconf 89' lang='lat' dir='ltr'>et</span> <span class='ocrx_word' id='word_1_29' title='bbox 2081 995 2317 1058; x_wconf 79' lang='lat' dir='ltr'>requisitis</span> <span class='ocrx_word' id='word_1_30' title='bbox 2354 1025 2364 1033; x_wconf 91' lang='lat'><strong>·</strong></span> <span class='ocrx_word' id='word_1_31' title='bbox 2400 997 2517 1044; x_wconf 89' lang='lat' dir='ltr'>Sub-</span> 
     </span>
     <span class='ocr_line' id='line_1_5' title="bbox 595 1078 2517 1144; baseline 0.001 -16"><span class='ocrx_word' id='word_1_32' title='bbox 595 1078 793 1142; x_wconf 75' lang='lat' dir='ltr'>scriptio</span> <span class='ocrx_word' id='word_1_33' title='bbox 829 1078 1003 1126; x_wconf 89' lang='lat' dir='ltr'>notarii</span> <span class='ocrx_word' id='word_1_34' title='bbox 1040 1079 1108 1127; x_wconf 89' lang='lat' dir='ltr'>sic</span> <span class='ocrx_word' id='word_1_35' title='bbox 1145 1079 1310 1143; x_wconf 77' lang='lat' dir='ltr'>incipit</span> <span class='ocrx_word' id='word_1_36' title='bbox 1348 1108 1358 1118; x_wconf 91' lang='lat'><strong>·</strong></span> <span class='ocrx_word' id='word_1_37' title='bbox 1396 1081 1463 1128; x_wconf 91' lang='lat' dir='ltr'>Et</span> <span class='ocrx_word' id='word_1_38' title='bbox 1486 1097 1572 1144; x_wconf 85' lang='lat' dir='ltr'>ego</span> <span class='ocrx_word' id='word_1_39' title='bbox 1594 1080 1628 1126; x_wconf 88' lang='lat' dir='ltr'><strong>J</strong></span> <span class='ocrx_word' id='word_1_40' title='bbox 1633 1081 1840 1129; x_wconf 90' lang='lat' dir='ltr'>ohannes</span> <span class='ocrx_word' id='word_1_41' title='bbox 1865 1081 2088 1129; x_wconf 89' lang='lat' dir='ltr'>Brekbell</span> <span class='ocrx_word' id='word_1_42' title='bbox 2112 1082 2310 1131; x_wconf 87' lang='lat' dir='ltr'>clericus</span> <span class='ocrx_word' id='word_1_43' title='bbox 2334 1084 2517 1132; x_wconf 86' lang='lat' dir='ltr'>Sancti-</span> 
     </span>
     <span class='ocr_line' id='line_1_6' title="bbox 595 1167 2164 1232; baseline 0.002 -17"><span class='ocrx_word' id='word_1_44' title='bbox 595 1168 770 1216; x_wconf 89' lang='lat' dir='ltr'>andree</span> <span class='ocrx_word' id='word_1_45' title='bbox 794 1167 1010 1216; x_wconf 87' lang='lat' dir='ltr'>dioecesis</span> <span class='ocrx_word' id='word_1_46' title='bbox 1033 1167 1248 1231; x_wconf 88' lang='lat' dir='ltr'>publicus</span> <span class='ocrx_word' id='word_1_47' title='bbox 1271 1169 1529 1217; x_wconf 82' lang='lat' dir='ltr'>autoritate</span> <span class='ocrx_word' id='word_1_48' title='bbox 1554 1168 1784 1232; x_wconf 90' lang='lat' dir='ltr'>imperiali</span> <span class='ocrx_word' id='word_1_49' title='bbox 1807 1170 2019 1218; x_wconf 82' lang='lat' dir='ltr'>notarius</span> <span class='ocrx_word' id='word_1_50' title='bbox 2056 1198 2066 1208; x_wconf 89' lang='lat'><strong>·</strong></span> <span class='ocrx_word' id='word_1_51' title='bbox 2105 1199 2115 1208; x_wconf 91' lang='lat'><em>·</em></span> <span class='ocrx_word' id='word_1_52' title='bbox 2154 1200 2164 1208; x_wconf 92' lang='lat'><strong>·</strong></span> 
     </span>
    </p>

    <p class='ocr_par' dir='ltr' id='par_1_3' title="bbox 590 1256 2517 2467">
     <span class='ocr_line' id='line_1_7' title="bbox 663 1256 2515 1323; baseline 0.002 -18"><span class='ocrx_word' id='word_1_53' title='bbox 663 1257 921 1320; x_wconf 89' lang='lat' dir='ltr'>Postquam</span> <span class='ocrx_word' id='word_1_54' title='bbox 947 1256 1105 1304; x_wconf 89' lang='lat' dir='ltr'>omnia</span> <span class='ocrx_word' id='word_1_55' title='bbox 1127 1260 1176 1304; x_wconf 91' lang='lat' dir='ltr'>et</span> <span class='ocrx_word' id='word_1_56' title='bbox 1200 1256 1382 1320; x_wconf 87' lang='lat' dir='ltr'>singula</span> <span class='ocrx_word' id='word_1_57' title='bbox 1409 1257 1680 1320; x_wconf 89' lang='lat' dir='ltr'>supradicta</span> <span class='ocrx_word' id='word_1_58' title='bbox 1702 1272 1788 1305; x_wconf 91' lang='lat' dir='ltr'>nos</span> <span class='ocrx_word' id='word_1_59' title='bbox 1811 1257 2057 1306; x_wconf 90' lang='lat' dir='ltr'>Donaldus</span> <span class='ocrx_word' id='word_1_60' title='bbox 2081 1259 2285 1308; x_wconf 89' lang='lat' dir='ltr'>decanus</span> <span class='ocrx_word' id='word_1_61' title='bbox 2307 1261 2515 1323; x_wconf 86' lang='lat' dir='ltr'>prefatus</span> 
     </span>
     <span class='ocr_line' id='line_1_8' title="bbox 595 1344 2515 1411; baseline 0.002 -19"><span class='ocrx_word' id='word_1_62' title='bbox 595 1373 607 1385; x_wconf 86' lang='lat'><strong>·</strong></span> <span class='ocrx_word' id='word_1_63' title='bbox 646 1374 655 1383; x_wconf 91' lang='lat'>-</span> <span class='ocrx_word' id='word_1_64' title='bbox 695 1373 706 1383; x_wconf 89' lang='lat'><strong>·</strong></span> <span class='ocrx_word' id='word_1_65' title='bbox 743 1344 1039 1393; x_wconf 90' lang='lat' dir='ltr'>decernimus</span> <span class='ocrx_word' id='word_1_66' title='bbox 1062 1345 1186 1408; x_wconf 90' lang='lat' dir='ltr'>quod</span> <span class='ocrx_word' id='word_1_67' title='bbox 1218 1345 1426 1408; x_wconf 81' lang='lat' dir='ltr'>presenti</span> <span class='ocrx_word' id='word_1_68' title='bbox 1458 1349 1778 1409; x_wconf 88' lang='lat' dir='ltr'>transsumpto</span> <span class='ocrx_word' id='word_1_69' title='bbox 1801 1345 1988 1408; x_wconf 91' lang='lat' dir='ltr'>publico</span> <span class='ocrx_word' id='word_1_70' title='bbox 2010 1350 2232 1410; x_wconf 80' lang='lat' dir='ltr'>tanquam</span> <span class='ocrx_word' id='word_1_71' title='bbox 2256 1349 2515 1411; x_wconf 88' lang='lat' dir='ltr'>prescripto</span> 
     </span>
     <span class='ocr_line' id='line_1_9' title="bbox 593 1433 2517 1498; baseline 0.001 -15"><span class='ocrx_word' id='word_1_72' title='bbox 593 1433 808 1497; x_wconf 86' lang='lat' dir='ltr'>originali</span> <span class='ocrx_word' id='word_1_73' title='bbox 846 1461 857 1471; x_wconf 89' lang='lat'><strong>·</strong></span> <span class='ocrx_word' id='word_1_74' title='bbox 896 1461 907 1471; x_wconf 89' lang='lat'><strong>·</strong></span> <span class='ocrx_word' id='word_1_75' title='bbox 946 1462 956 1471; x_wconf 91' lang='lat'><strong>·</strong></span> <span class='ocrx_word' id='word_1_76' title='bbox 992 1433 1142 1497; x_wconf 88' lang='lat' dir='ltr'>possit</span> <span class='ocrx_word' id='word_1_77' title='bbox 1180 1461 1190 1471; x_wconf 95' lang='lat'><em>-</em></span> <span class='ocrx_word' id='word_1_78' title='bbox 1228 1461 1239 1470; x_wconf 92' lang='lat'><strong>·</strong></span> <span class='ocrx_word' id='word_1_79' title='bbox 1278 1460 1290 1472; x_wconf 82' lang='lat'><strong>‚</strong></span> <span class='ocrx_word' id='word_1_80' title='bbox 1325 1433 1593 1481; x_wconf 87' lang='lat' dir='ltr'>indubitata</span> <span class='ocrx_word' id='word_1_81' title='bbox 1609 1433 1723 1482; x_wconf 90' lang='lat' dir='ltr'>fides</span> <span class='ocrx_word' id='word_1_82' title='bbox 1740 1433 1952 1481; x_wconf 87' lang='lat' dir='ltr'>adhiberi</span> <span class='ocrx_word' id='word_1_83' title='bbox 1989 1462 1999 1471; x_wconf 92' lang='lat'><strong>·</strong></span> <span class='ocrx_word' id='word_1_84' title='bbox 2033 1462 2043 1470; x_wconf 92' lang='lat'>-</span> <span class='ocrx_word' id='word_1_85' title='bbox 2082 1462 2092 1472; x_wconf 89' lang='lat'><strong>·</strong></span> <span class='ocrx_word' id='word_1_86' title='bbox 2130 1435 2188 1482; x_wconf 92' lang='lat' dir='ltr'>In</span> <span class='ocrx_word' id='word_1_87' title='bbox 2207 1451 2400 1498; x_wconf 91' lang='lat' dir='ltr'>quorum</span> <span class='ocrx_word' id='word_1_88' title='bbox 2419 1453 2517 1484; x_wconf 92' lang='lat' dir='ltr'>om-</span> 
     </span>
     <span class='ocr_line' id='line_1_10' title="bbox 592 1521 2514 1586; baseline -0.001 -14"><span class='ocrx_word' id='word_1_89' title='bbox 592 1523 723 1572; x_wconf 91' lang='lat' dir='ltr'>nium</span> <span class='ocrx_word' id='word_1_90' title='bbox 744 1522 1069 1572; x_wconf 89' lang='lat' dir='ltr'>testimonium</span> <span class='ocrx_word' id='word_1_91' title='bbox 1087 1522 1177 1570; x_wconf 90' lang='lat' dir='ltr'>hoc</span> <span class='ocrx_word' id='word_1_92' title='bbox 1194 1537 1386 1586; x_wconf 89' lang='lat' dir='ltr'>presens</span> <span class='ocrx_word' id='word_1_93' title='bbox 1409 1521 1645 1585; x_wconf 89' lang='lat' dir='ltr'>publicum</span> <span class='ocrx_word' id='word_1_94' title='bbox 1684 1550 1693 1559; x_wconf 89' lang='lat'><strong>·</strong></span> <span class='ocrx_word' id='word_1_95' title='bbox 1733 1549 1743 1558; x_wconf 89' lang='lat'>-</span> <span class='ocrx_word' id='word_1_96' title='bbox 1782 1549 1791 1558; x_wconf 91' lang='lat'>-</span> <span class='ocrx_word' id='word_1_97' title='bbox 1827 1525 2194 1585; x_wconf 89' lang='lat' dir='ltr'>transsumptum</span> <span class='ocrx_word' id='word_1_98' title='bbox 2233 1551 2242 1560; x_wconf 93' lang='lat'><strong>·</strong></span> <span class='ocrx_word' id='word_1_99' title='bbox 2282 1551 2292 1560; x_wconf 92' lang='lat'><strong>·</strong></span> <span class='ocrx_word' id='word_1_100' title='bbox 2331 1551 2340 1561; x_wconf 91' lang='lat'><strong>·</strong></span> <span class='ocrx_word' id='word_1_101' title='bbox 2376 1523 2514 1586; x_wconf 89' lang='lat' dir='ltr'>sigilli</span> 
     </span>
     <span class='ocr_line' id='line_1_11' title="bbox 591 1609 2510 1676; baseline -0.002 -14"><span class='ocrx_word' id='word_1_102' title='bbox 591 1613 744 1663; x_wconf 89' lang='lat' dir='ltr'>nostri</span> <span class='ocrx_word' id='word_1_103' title='bbox 759 1612 990 1676; x_wconf 89' lang='lat' dir='ltr'>jussimus</span> <span class='ocrx_word' id='word_1_104' title='bbox 1013 1615 1063 1659; x_wconf 90' lang='lat' dir='ltr'>et</span> <span class='ocrx_word' id='word_1_105' title='bbox 1085 1611 1282 1660; x_wconf 83' lang='lat' dir='ltr'>fecimus</span> <span class='ocrx_word' id='word_1_106' title='bbox 1304 1610 1588 1674; x_wconf 87' lang='lat' dir='ltr'>appensione</span> <span class='ocrx_word' id='word_1_107' title='bbox 1613 1609 1887 1668; x_wconf 88' lang='lat' dir='ltr'>communiri</span> <span class='ocrx_word' id='word_1_108' title='bbox 1924 1610 2085 1657; x_wconf 89' lang='lat' dir='ltr'>datum</span> <span class='ocrx_word' id='word_1_109' title='bbox 2123 1614 2172 1658; x_wconf 88' lang='lat' dir='ltr'>et</span> <span class='ocrx_word' id='word_1_110' title='bbox 2209 1614 2366 1658; x_wconf 90' lang='lat' dir='ltr'>actum</span> <span class='ocrx_word' id='word_1_111' title='bbox 2389 1614 2510 1674; x_wconf 91' lang='lat' dir='ltr'>apud</span> 
     </span>
     <span class='ocr_line' id='line_1_12' title="bbox 593 1697 2510 1760; baseline -0.002 -9"><span class='ocrx_word' id='word_1_112' title='bbox 593 1703 800 1752; x_wconf 87' lang='lat' dir='ltr'>Tulilum</span> <span class='ocrx_word' id='word_1_113' title='bbox 823 1700 1177 1750; x_wconf 86' lang='lat' dir='ltr'>Dunkeldensis</span> <span class='ocrx_word' id='word_1_114' title='bbox 1200 1699 1415 1748; x_wconf 88' lang='lat' dir='ltr'>dioecesis</span> <span class='ocrx_word' id='word_1_115' title='bbox 1450 1698 1586 1747; x_wconf 90' lang='lat' dir='ltr'>nobis</span> <span class='ocrx_word' id='word_1_116' title='bbox 1622 1698 1737 1745; x_wconf 90' lang='lat' dir='ltr'>inibi</span> <span class='ocrx_word' id='word_1_117' title='bbox 1771 1713 1856 1760; x_wconf 91' lang='lat' dir='ltr'>pro</span> <span class='ocrx_word' id='word_1_118' title='bbox 1890 1697 2112 1746; x_wconf 88' lang='lat' dir='ltr'>tribunali</span> <span class='ocrx_word' id='word_1_119' title='bbox 2136 1699 2404 1747; x_wconf 85' lang='lat' dir='ltr'>sedentibus</span> <span class='ocrx_word' id='word_1_120' title='bbox 2426 1701 2510 1748; x_wconf 90' lang='lat' dir='ltr'>sub</span> 
     </span>
     <span class='ocr_line' id='line_1_13' title="bbox 591 1767 2511 1850; baseline -0.004 -8"><span class='ocrx_word' id='word_1_121' title='bbox 591 1810 716 1842; x_wconf 88' lang='lat' dir='ltr'>anno</span> <span class='ocrx_word' id='word_1_122' title='bbox 739 1767 1084 1841; x_wconf 84' lang='lat' dir='ltr'>incarnacionis</span> <span class='ocrx_word' id='word_1_123' title='bbox 1106 1788 1338 1837; x_wconf 88' lang='lat' dir='ltr'>dominice</span> <span class='ocrx_word' id='word_1_124' title='bbox 1355 1787 1603 1835; x_wconf 91' lang='lat' dir='ltr'>millesimo</span> <span class='ocrx_word' id='word_1_125' title='bbox 1621 1785 2076 1850; x_wconf 83' lang='lat' dir='ltr'>quadringentesimo</span> <span class='ocrx_word' id='word_1_126' title='bbox 2093 1786 2330 1836; x_wconf 84' lang='lat' dir='ltr'>tricesimo</span> <span class='ocrx_word' id='word_1_127' title='bbox 2349 1788 2511 1850; x_wconf 90' lang='lat' dir='ltr'>quinto</span> 
     </span>
     <span class='ocr_line' id='line_1_14' title="bbox 591 1874 2507 1931; baseline -0.005 1"><span class='ocrx_word' id='word_1_128' title='bbox 591 1882 767 1931; x_wconf 90' lang='lat' dir='ltr'>mensis</span> <span class='ocrx_word' id='word_1_129' title='bbox 806 1897 914 1930; x_wconf 89' lang='lat' dir='ltr'>vero</span> <span class='ocrx_word' id='word_1_130' title='bbox 955 1878 1129 1927; x_wconf 87' lang='lat' dir='ltr'>Marcii</span> <span class='ocrx_word' id='word_1_131' title='bbox 1166 1877 1242 1925; x_wconf 93' lang='lat' dir='ltr'>die</span> <span class='ocrx_word' id='word_1_132' title='bbox 1280 1875 1501 1924; x_wconf 86' lang='lat' dir='ltr'>vicesima</span> <span class='ocrx_word' id='word_1_133' title='bbox 1535 1874 1686 1923; x_wconf 91' lang='lat' dir='ltr'>tercia</span> <span class='ocrx_word' id='word_1_134' title='bbox 1721 1874 1837 1922; x_wconf 90' lang='lat' dir='ltr'>hora</span> <span class='ocrx_word' id='word_1_135' title='bbox 1870 1874 2114 1921; x_wconf 89' lang='lat' dir='ltr'>undecima</span> <span class='ocrx_word' id='word_1_136' title='bbox 2136 1877 2245 1922; x_wconf 89' lang='lat' dir='ltr'>ante</span> <span class='ocrx_word' id='word_1_137' title='bbox 2269 1875 2507 1923; x_wconf 88' lang='lat' dir='ltr'>meridiem</span> 
     </span>
     <span class='ocr_line' id='line_1_15' title="bbox 591 1962 2509 2026; baseline -0.006 -5"><span class='ocrx_word' id='word_1_138' title='bbox 591 1972 667 2021; x_wconf 85' lang='lat' dir='ltr'>vel</span> <span class='ocrx_word' id='word_1_139' title='bbox 703 1971 889 2020; x_wconf 87' lang='lat' dir='ltr'>eocirca</span> <span class='ocrx_word' id='word_1_140' title='bbox 925 1968 1182 2017; x_wconf 91' lang='lat' dir='ltr'>indictione</span> <span class='ocrx_word' id='word_1_141' title='bbox 1220 1964 1403 2013; x_wconf 91' lang='lat' dir='ltr'>decima</span> <span class='ocrx_word' id='word_1_142' title='bbox 1438 1963 1588 2012; x_wconf 88' lang='lat' dir='ltr'>tercia</span> <span class='ocrx_word' id='word_1_143' title='bbox 1624 1962 1924 2026; x_wconf 84' lang='lat' dir='ltr'>pontificatus</span> <span class='ocrx_word' id='word_1_144' title='bbox 1960 1962 2240 2010; x_wconf 87' lang='lat' dir='ltr'>sanctissimi</span> <span class='ocrx_word' id='word_1_145' title='bbox 2274 1963 2321 2009; x_wconf 90' lang='lat' dir='ltr'>in</span> <span class='ocrx_word' id='word_1_146' title='bbox 2354 1963 2509 2011; x_wconf 88' lang='lat' dir='ltr'>Cristo</span> 
     </span>
     <span class='ocr_line' id='line_1_16' title="bbox 590 2049 2507 2126; baseline -0.007 -16"><span class='ocrx_word' id='word_1_147' title='bbox 590 2061 742 2126; x_wconf 89' lang='lat' dir='ltr'>patris</span> <span class='ocrx_word' id='word_1_148' title='bbox 777 2088 788 2098; x_wconf 89' lang='lat'><strong>·</strong></span> <span class='ocrx_word' id='word_1_149' title='bbox 827 2087 838 2098; x_wconf 89' lang='lat'><strong>·</strong></span> <span class='ocrx_word' id='word_1_150' title='bbox 877 2087 887 2097; x_wconf 89' lang='lat'><strong>·</strong></span> <span class='ocrx_word' id='word_1_151' title='bbox 926 2056 1126 2120; x_wconf 88' lang='lat' dir='ltr'>Eugenii</span> <span class='ocrx_word' id='word_1_152' title='bbox 1163 2083 1172 2093; x_wconf 92' lang='lat'><strong>·</strong></span> <span class='ocrx_word' id='word_1_153' title='bbox 1212 2083 1223 2093; x_wconf 92' lang='lat'><strong>·</strong></span> <span class='ocrx_word' id='word_1_154' title='bbox 1262 2082 1272 2091; x_wconf 92' lang='lat'><em>-</em></span> <span class='ocrx_word' id='word_1_155' title='bbox 1307 2069 1429 2117; x_wconf 88' lang='lat' dir='ltr'>pape</span> <span class='ocrx_word' id='word_1_156' title='bbox 1464 2051 1620 2115; x_wconf 91' lang='lat' dir='ltr'>quarti</span> <span class='ocrx_word' id='word_1_157' title='bbox 1657 2066 1780 2098; x_wconf 89' lang='lat' dir='ltr'>anno</span> <span class='ocrx_word' id='word_1_158' title='bbox 1817 2049 1982 2113; x_wconf 89' lang='lat' dir='ltr'>quinto</span> <span class='ocrx_word' id='word_1_159' title='bbox 2008 2050 2300 2112; x_wconf 89' lang='lat' dir='ltr'>presentibus</span> <span class='ocrx_word' id='word_1_160' title='bbox 2337 2050 2507 2097; x_wconf 90' lang='lat' dir='ltr'>ibidem</span> 
     </span>
     <span class='ocr_line' id='line_1_17' title="bbox 591 2137 2509 2212; baseline -0.009 -12"><span class='ocrx_word' id='word_1_161' title='bbox 591 2149 848 2200; x_wconf 87' lang='lat' dir='ltr'>venerabili</span> <span class='ocrx_word' id='word_1_162' title='bbox 893 2151 1030 2212; x_wconf 86' lang='lat' dir='ltr'>patre</span> <span class='ocrx_word' id='word_1_163' title='bbox 1078 2143 1297 2192; x_wconf 88' lang='lat' dir='ltr'>Waltero</span> <span class='ocrx_word' id='word_1_164' title='bbox 1342 2140 1648 2190; x_wconf 88' lang='lat' dir='ltr'>miseracione</span> <span class='ocrx_word' id='word_1_165' title='bbox 1709 2138 1868 2186; x_wconf 90' lang='lat' dir='ltr'>diuina</span> <span class='ocrx_word' id='word_1_166' title='bbox 1928 2137 2099 2185; x_wconf 90' lang='lat' dir='ltr'>abbate</span> <span class='ocrx_word' id='word_1_167' title='bbox 2145 2137 2294 2185; x_wconf 91' lang='lat' dir='ltr'>insule</span> <span class='ocrx_word' id='word_1_168' title='bbox 2348 2138 2509 2185; x_wconf 89' lang='lat' dir='ltr'>Sancti</span> 
     </span>
     <span class='ocr_line' id='line_1_18' title="bbox 592 2224 2508 2292; baseline -0.01 -3"><span class='ocrx_word' id='word_1_169' title='bbox 592 2239 820 2289; x_wconf 89' lang='lat' dir='ltr'>Columbe</span> <span class='ocrx_word' id='word_1_170' title='bbox 858 2236 1036 2286; x_wconf 87' lang='lat' dir='ltr'>ordinis</span> <span class='ocrx_word' id='word_1_171' title='bbox 1088 2232 1252 2282; x_wconf 88' lang='lat' dir='ltr'>Sancti</span> <span class='ocrx_word' id='word_1_172' title='bbox 1303 2228 1554 2292; x_wconf 87' lang='lat' dir='ltr'>Augustini</span> <span class='ocrx_word' id='word_1_173' title='bbox 1600 2225 1948 2274; x_wconf 86' lang='lat' dir='ltr'>Dunkeldensis</span> <span class='ocrx_word' id='word_1_174' title='bbox 1993 2224 2205 2273; x_wconf 86' lang='lat' dir='ltr'>dioecesis</span> <span class='ocrx_word' id='word_1_175' title='bbox 2252 2225 2508 2272; x_wconf 90' lang='lat' dir='ltr'>honorabili</span> 
     </span>
     <span class='ocr_line' id='line_1_19' title="bbox 591 2312 2510 2389; baseline -0.009 -11"><span class='ocrx_word' id='word_1_176' title='bbox 591 2329 780 2378; x_wconf 91' lang='lat' dir='ltr'>domino</span> <span class='ocrx_word' id='word_1_177' title='bbox 814 2326 1039 2389; x_wconf 87' lang='lat' dir='ltr'>magistro</span> <span class='ocrx_word' id='word_1_178' title='bbox 1072 2323 1106 2370; x_wconf 88' lang='lat' dir='ltr'><strong>J</strong></span> <span class='ocrx_word' id='word_1_179' title='bbox 1111 2322 1293 2370; x_wconf 89' lang='lat' dir='ltr'>ohanne</span> <span class='ocrx_word' id='word_1_180' title='bbox 1329 2319 1536 2366; x_wconf 87' lang='lat' dir='ltr'>Stewart</span> <span class='ocrx_word' id='word_1_181' title='bbox 1568 2314 1807 2379; x_wconf 89' lang='lat' dir='ltr'>preposito</span> <span class='ocrx_word' id='word_1_182' title='bbox 1842 2314 1900 2360; x_wconf 91' lang='lat' dir='ltr'>de</span> <span class='ocrx_word' id='word_1_183' title='bbox 1935 2312 2111 2360; x_wconf 86' lang='lat' dir='ltr'>Meffen</span> <span class='ocrx_word' id='word_1_184' title='bbox 2145 2312 2332 2360; x_wconf 92' lang='lat' dir='ltr'>domino</span> <span class='ocrx_word' id='word_1_185' title='bbox 2369 2313 2510 2360; x_wconf 92' lang='lat' dir='ltr'>Petro</span> 
     </span>
     <span class='ocr_line' id='line_1_20' title="bbox 593 2399 2510 2467; baseline -0.011 1"><span class='ocrx_word' id='word_1_186' title='bbox 593 2419 826 2467; x_wconf 86' lang='lat' dir='ltr'>Masoune</span> <span class='ocrx_word' id='word_1_187' title='bbox 850 2413 1077 2463; x_wconf 85' lang='lat' dir='ltr'>canonico</span> <span class='ocrx_word' id='word_1_188' title='bbox 1101 2409 1218 2458; x_wconf 87' lang='lat' dir='ltr'>dicti</span> <span class='ocrx_word' id='word_1_189' title='bbox 1246 2405 1518 2456; x_wconf 88' lang='lat' dir='ltr'>monasterii</span> <span class='ocrx_word' id='word_1_190' title='bbox 1542 2402 1701 2451; x_wconf 91' lang='lat' dir='ltr'>Dauid</span> <span class='ocrx_word' id='word_1_191' title='bbox 1725 2400 1980 2464; x_wconf 87' lang='lat' dir='ltr'>Dempster</span> <span class='ocrx_word' id='word_1_192' title='bbox 2002 2399 2224 2448; x_wconf 88' lang='lat' dir='ltr'>scutifero</span> <span class='ocrx_word' id='word_1_193' title='bbox 2251 2404 2300 2447; x_wconf 92' lang='lat' dir='ltr'>et</span> <span class='ocrx_word' id='word_1_194' title='bbox 2324 2400 2510 2448; x_wconf 91' lang='lat' dir='ltr'>domino</span> 
     </span>
    </p>
   </div>
   <div class='ocr_carea' id='block_1_3' title="bbox 590 2487 2510 2556">
    <p class='ocr_par' dir='ltr' id='par_1_4' title="bbox 590 2487 2510 2556">
     <span class='ocr_line' id='line_1_21' title="bbox 590 2487 2510 2556; baseline -0.011 1"><span class='ocrx_word' id='word_1_195' title='bbox 590 2509 624 2555; x_wconf 87' lang='lat' dir='ltr'><strong>J</strong></span> <span class='ocrx_word' id='word_1_196' title='bbox 629 2508 815 2556; x_wconf 90' lang='lat' dir='ltr'>ohanne</span> <span class='ocrx_word' id='word_1_197' title='bbox 834 2502 957 2553; x_wconf 90' lang='lat' dir='ltr'>Steil</span> <span class='ocrx_word' id='word_1_198' title='bbox 974 2499 1200 2550; x_wconf 90' lang='lat' dir='ltr'>canonico</span> <span class='ocrx_word' id='word_1_199' title='bbox 1220 2492 1527 2544; x_wconf 90' lang='lat' dir='ltr'>Brechinensi</span> <span class='ocrx_word' id='word_1_200' title='bbox 1546 2507 1651 2538; x_wconf 88' lang='lat' dir='ltr'>cum</span> <span class='ocrx_word' id='word_1_201' title='bbox 1669 2488 1831 2537; x_wconf 92' lang='lat' dir='ltr'>multis</span> <span class='ocrx_word' id='word_1_202' title='bbox 1854 2487 1960 2536; x_wconf 88' lang='lat' dir='ltr'>aliis</span> <span class='ocrx_word' id='word_1_203' title='bbox 1975 2487 2178 2535; x_wconf 88' lang='lat' dir='ltr'>testibus</span> <span class='ocrx_word' id='word_1_204' title='bbox 2200 2487 2261 2534; x_wconf 91' lang='lat' dir='ltr'>ad</span> <span class='ocrx_word' id='word_1_205' title='bbox 2284 2488 2510 2550; x_wconf 86' lang='lat' dir='ltr'>premissa</span> 
     </span>
    </p>
   </div>
   <div class='ocr_carea' id='block_1_4' title="bbox 591 2574 2511 2644">
    <p class='ocr_par' dir='ltr' id='par_1_5' title="bbox 591 2574 2511 2644">
     <span class='ocr_line' id='line_1_22' title="bbox 591 2574 2511 2644; baseline -0.011 1"><span class='ocrx_word' id='word_1_206' title='bbox 591 2595 774 2644; x_wconf 83' lang='lat' dir='ltr'>vocatis</span> <span class='ocrx_word' id='word_1_207' title='bbox 811 2621 821 2631; x_wconf 88' lang='lat'><em>-</em></span> <span class='ocrx_word' id='word_1_208' title='bbox 860 2620 871 2630; x_wconf 89' lang='lat'><strong>·</strong></span> <span class='ocrx_word' id='word_1_209' title='bbox 909 2619 920 2629; x_wconf 87' lang='lat'><strong>·</strong></span> <span class='ocrx_word' id='word_1_210' title='bbox 957 2590 1024 2637; x_wconf 91' lang='lat' dir='ltr'>Et</span> <span class='ocrx_word' id='word_1_211' title='bbox 1068 2603 1144 2635; x_wconf 90' lang='lat' dir='ltr'>me</span> <span class='ocrx_word' id='word_1_212' title='bbox 1193 2584 1385 2632; x_wconf 88' lang='lat' dir='ltr'>Andrea</span> <span class='ocrx_word' id='word_1_213' title='bbox 1436 2578 1657 2627; x_wconf 89' lang='lat' dir='ltr'>Mauricii</span> <span class='ocrx_word' id='word_1_214' title='bbox 1707 2576 1876 2625; x_wconf 89' lang='lat' dir='ltr'>clerico</span> <span class='ocrx_word' id='word_1_215' title='bbox 1919 2575 2254 2623; x_wconf 86' lang='lat' dir='ltr'>Sanctiandree</span> <span class='ocrx_word' id='word_1_216' title='bbox 2301 2574 2511 2624; x_wconf 80' lang='lat' dir='ltr'>dioecesis</span> 
     </span>
    </p>
   </div>
   <div class='ocr_carea' id='block_1_5' title="bbox 592 2665 1882 2748">
    <p class='ocr_par' dir='ltr' id='par_1_6' title="bbox 592 2665 1882 2748">
     <span class='ocr_line' id='line_1_23' title="bbox 592 2665 1882 2748; baseline -0.022 -14"><span class='ocrx_word' id='word_1_217' title='bbox 592 2683 783 2748; x_wconf 88' lang='lat' dir='ltr'>publico</span> <span class='ocrx_word' id='word_1_218' title='bbox 805 2679 1065 2730; x_wconf 87' lang='lat' dir='ltr'>autoritate</span> <span class='ocrx_word' id='word_1_219' title='bbox 1088 2672 1350 2738; x_wconf 88' lang='lat' dir='ltr'>apostolica</span> <span class='ocrx_word' id='word_1_220' title='bbox 1374 2667 1560 2717; x_wconf 88' lang='lat' dir='ltr'>notario</span> <span class='ocrx_word' id='word_1_221' title='bbox 1598 2695 1608 2704; x_wconf 89' lang='lat'><strong>·</strong></span> <span class='ocrx_word' id='word_1_222' title='bbox 1646 2665 1736 2721; x_wconf 83' lang='lat' dir='ltr'>Qui</span> <span class='ocrx_word' id='word_1_223' title='bbox 1775 2692 1785 2701; x_wconf 86' lang='lat'><strong>·</strong></span> <span class='ocrx_word' id='word_1_224' title='bbox 1824 2691 1833 2701; x_wconf 87' lang='lat'><strong>·</strong></span> <span class='ocrx_word' id='word_1_225' title='bbox 1873 2691 1882 2701; x_wconf 83' lang='lat'><em>-</em></span> 
     </span>
    </p>
   </div>
   <div class='ocr_carea' id='block_1_6' title="bbox 541 2857 2510 3034">
    <p class='ocr_par' dir='ltr' id='par_1_7' title="bbox 541 2857 2510 3034">
     <span class='ocr_line' id='line_1_24' title="bbox 541 2857 2510 2940; baseline -0.015 -6"><span class='ocrx_word' id='word_1_226' title='bbox 541 2908 571 2936; x_wconf 53' lang='grc' dir='ltr'>εκ</span> <span class='ocrx_word' id='word_1_227' title='bbox 595 2857 969 2932; x_wconf 60' lang='lat' dir='ltr'>instrumentum</span> <span class='ocrx_word' id='word_1_228' title='bbox 993 2870 1348 2940; x_wconf 88' lang='lat' dir='ltr'>protestationis</span> <span class='ocrx_word' id='word_1_229' title='bbox 1369 2866 1554 2915; x_wconf 90' lang='lat' dir='ltr'>nomine</span> <span class='ocrx_word' id='word_1_230' title='bbox 1586 2861 1792 2927; x_wconf 90' lang='lat' dir='ltr'>episcopi</span> <span class='ocrx_word' id='word_1_231' title='bbox 1816 2864 1982 2909; x_wconf 86' lang='lat' dir='ltr'>contra</span> <span class='ocrx_word' id='word_1_232' title='bbox 2007 2859 2259 2907; x_wconf 89' lang='lat' dir='ltr'>Rectorem</span> <span class='ocrx_word' id='word_1_233' title='bbox 2284 2859 2342 2906; x_wconf 91' lang='lat' dir='ltr'>de</span> <span class='ocrx_word' id='word_1_234' title='bbox 2367 2859 2510 2906; x_wconf 85' lang='lat' dir='ltr'>Leth-</span> 
     </span>
     <span class='ocr_line' id='line_1_25' title="bbox 594 2945 2298 3034; baseline -0.019 -12"><span class='ocrx_word' id='word_1_235' title='bbox 594 2976 678 3022; x_wconf 90' lang='lat' dir='ltr'>not</span> <span class='ocrx_word' id='word_1_236' title='bbox 714 3000 724 3010; x_wconf 91' lang='lat'><strong>·</strong></span> <span class='ocrx_word' id='word_1_237' title='bbox 761 2966 1007 3034; x_wconf 89' lang='lat' dir='ltr'>(Wreittis</span> <span class='ocrx_word' id='word_1_238' title='bbox 1029 2962 1097 3013; x_wconf 89' lang='lat' dir='ltr'>off</span> <span class='ocrx_word' id='word_1_239' title='bbox 1113 2977 1193 3024; x_wconf 89' lang='lat' dir='ltr'>my</span> <span class='ocrx_word' id='word_1_240' title='bbox 1214 2958 1318 3007; x_wconf 91' lang='lat' dir='ltr'>lord</span> <span class='ocrx_word' id='word_1_241' title='bbox 1342 2953 1582 3004; x_wconf 89' lang='lat' dir='ltr'>Crafurdis</span> <span class='ocrx_word' id='word_1_242' title='bbox 1604 2946 1883 3010; x_wconf 84' lang='lat' dir='ltr'>cencerning</span> <span class='ocrx_word' id='word_1_243' title='bbox 1903 2948 1985 2995; x_wconf 91' lang='lat' dir='ltr'>the</span> <span class='ocrx_word' id='word_1_244' title='bbox 2008 2945 2251 3009; x_wconf 89' lang='lat' dir='ltr'>hospitall)</span> <span class='ocrx_word' id='word_1_245' title='bbox 2288 2974 2298 2983; x_wconf 87' lang='lat'>-</span> 
     </span>
    </p>
   </div>
   <div class='ocr_carea' id='block_1_7' title="bbox 506 3097 2510 3280">
    <p class='ocr_par' dir='ltr' id='par_1_8' title="bbox 506 3097 2510 3280">
     <span class='ocr_line' id='line_1_26' title="bbox 506 3097 2510 3184; baseline -0.014 -7"><span class='ocrx_word' id='word_1_246' title='bbox 506 3138 572 3184; x_wconf 84' lang='lat'>50</span> <span class='ocrx_word' id='word_1_247' title='bbox 606 3097 684 3174; x_wconf 83' lang='lat' dir='ltr'>In</span> <span class='ocrx_word' id='word_1_248' title='bbox 719 3124 906 3173; x_wconf 91' lang='lat' dir='ltr'>nomine</span> <span class='ocrx_word' id='word_1_249' title='bbox 942 3117 1136 3168; x_wconf 91' lang='lat' dir='ltr'>Domini</span> <span class='ocrx_word' id='word_1_250' title='bbox 1173 3115 1330 3163; x_wconf 91' lang='lat' dir='ltr'>Amen</span> <span class='ocrx_word' id='word_1_251' title='bbox 1367 3138 1377 3148; x_wconf 93' lang='lat'><strong>·</strong></span> <span class='ocrx_word' id='word_1_252' title='bbox 1414 3109 1553 3155; x_wconf 91' lang='lat' dir='ltr'>Anno</span> <span class='ocrx_word' id='word_1_253' title='bbox 1588 3101 1938 3151; x_wconf 89' lang='lat' dir='ltr'>Incamacionis</span> <span class='ocrx_word' id='word_1_254' title='bbox 1973 3100 2220 3148; x_wconf 88' lang='lat' dir='ltr'>Dominice</span> <span class='ocrx_word' id='word_1_255' title='bbox 2266 3101 2510 3149; x_wconf 89' lang='lat' dir='ltr'>millesimo</span> 
     </span>
     <span class='ocr_line' id='line_1_27' title="bbox 598 3188 2510 3280; baseline -0.016 -15"><span class='ocrx_word' id='word_1_256' title='bbox 598 3209 1057 3280; x_wconf 86' lang='lat' dir='ltr'>quadringentesimo</span> <span class='ocrx_word' id='word_1_257' title='bbox 1091 3201 1329 3253; x_wconf 85' lang='lat' dir='ltr'>tricesimo</span> <span class='ocrx_word' id='word_1_258' title='bbox 1363 3211 1486 3245; x_wconf 94' lang='lat' dir='ltr'>nono</span> <span class='ocrx_word' id='word_1_259' title='bbox 1521 3191 1693 3241; x_wconf 89' lang='lat' dir='ltr'>mensis</span> <span class='ocrx_word' id='word_1_260' title='bbox 1726 3204 1836 3237; x_wconf 83' lang='lat' dir='ltr'>vero</span> <span class='ocrx_word' id='word_1_261' title='bbox 1869 3189 1903 3236; x_wconf 87' lang='lat' dir='ltr'>J</span> <span class='ocrx_word' id='word_1_262' title='bbox 1907 3188 2002 3250; x_wconf 88' lang='lat' dir='ltr'>unij</span> <span class='ocrx_word' id='word_1_263' title='bbox 2036 3188 2111 3236; x_wconf 87' lang='lat' dir='ltr'>die</span> <span class='ocrx_word' id='word_1_264' title='bbox 2146 3189 2328 3236; x_wconf 87' lang='lat' dir='ltr'>decima</span> <span class='ocrx_word' id='word_1_265' title='bbox 2367 3189 2510 3235; x_wconf 84' lang='lat' dir='ltr'>tertia</span> 
     </span>
    </p>
   </div>
   <div class='ocr_carea' id='block_1_8' title="bbox 596 3275 2510 3354">
    <p class='ocr_par' dir='ltr' id='par_1_9' title="bbox 596 3275 2510 3354">
     <span class='ocr_line' id='line_1_28' title="bbox 596 3275 2510 3354; baseline -0.022 -1"><span class='ocrx_word' id='word_1_266' title='bbox 596 3302 852 3353; x_wconf 87' lang='lat' dir='ltr'>indictione</span> <span class='ocrx_word' id='word_1_267' title='bbox 899 3295 1106 3346; x_wconf 90' lang='lat' dir='ltr'>secunda</span> <span class='ocrx_word' id='word_1_268' title='bbox 1150 3287 1449 3354; x_wconf 89' lang='lat' dir='ltr'>pontificatus</span> <span class='ocrx_word' id='word_1_269' title='bbox 1486 3310 1495 3319; x_wconf 93' lang='lat'><strong>·</strong></span> <span class='ocrx_word' id='word_1_270' title='bbox 1535 3308 1544 3318; x_wconf 93' lang='lat'><em>·</em></span> <span class='ocrx_word' id='word_1_271' title='bbox 1583 3308 1593 3317; x_wconf 94' lang='lat'><strong>·</strong></span> <span class='ocrx_word' id='word_1_272' title='bbox 1631 3276 1828 3339; x_wconf 84' lang='lat' dir='ltr'>Eugenii</span> <span class='ocrx_word' id='word_1_273' title='bbox 1866 3303 1876 3313; x_wconf 93' lang='lat'><strong>·</strong></span> <span class='ocrx_word' id='word_1_274' title='bbox 1915 3304 1924 3313; x_wconf 95' lang='lat'><em>-</em></span> <span class='ocrx_word' id='word_1_275' title='bbox 1964 3303 1974 3312; x_wconf 90' lang='lat'><strong>·</strong></span> <span class='ocrx_word' id='word_1_276' title='bbox 2012 3276 2139 3338; x_wconf 78' lang='lat' dir='ltr'>Papo</span> <span class='ocrx_word' id='word_1_277' title='bbox 2185 3275 2340 3338; x_wconf 68' lang='lat' dir='ltr'>quarti</span> <span class='ocrx_word' id='word_1_278' title='bbox 2389 3291 2510 3322; x_wconf 76' lang='lat' dir='ltr'>anno</span> 
     </span>
    </p>
   </div>
  </div>
 </body>
</html>
