2950 3970
653 613 1122 670 REGISTRUM
1159 615 1699 673 EPISCOPATUS
1739 618 2327 676 BREOHINENSIS.
2368 621 2439 679 47

516 802 763 866 Heslyhop
799 818 922 850 nunc
963 806 1120 851 rector
1158 807 1208 851 et
1245 803 1446 852 vicarius
1483 805 1681 853 ecclesie
1717 806 1957 854 antedicte
1999 809 2055 854 de
2097 811 2254 854 cetero
2296 808 2435 855 dictis

514 893 693 940 decano
730 895 781 940 et
817 891 1060 940 canonicis
1094 896 1320 956 tanquam
1356 908 1441 941 suo
1477 897 1677 957 patrono
1701 894 1749 940 in
1773 894 1986 942 omnibus
2024 899 2187 958 pareat
2214 899 2262 942 et
2286 895 2436 942 inten-

514 982 598 1028 dat
635 1008 646 1018 ·
670 981 750 1028 „Et
785 996 927 1043 super
960 980 1050 1027 hoc
1087 980 1414 1043 requisiuimus
1448 981 1682 1044 prefatum
1717 983 2021 1029 reuerendum
2053 987 2235 1045 patrem
2259 983 2435 1045 episco-

514 1087 627 1134 pum
662 1069 1029 1117 Brechinensem
1064 1072 1294 1131 quatenus
1328 1069 1701 1131 prenominatum
1737 1070 1972 1117 dominum
2010 1069 2298 1117 Willelmum
2333 1075 2436 1117 tan-

516 1176 656 1224 quam
679 1161 1001 1223 presentatum
1026 1157 1232 1220 ipsorum
1257 1157 1422 1204 decani
1458 1161 1507 1205 et
1542 1158 1869 1206 canonicorum
1893 1158 2165 1205 admitteret
2189 1162 2237 1204 et
2262 1158 2307 1204 in
2331 1173 2435 1220 pos-

515 1255 671 1297 terum
695 1250 938 1310 reputaret
975 1273 984 1283 ·
1023 1245 1204 1299 Quibus
1238 1244 1453 1293 omnibus
1475 1245 1600 1292 idem
1624 1246 1870 1308 episcopus
1892 1246 2222 1293 auctoritatem
2246 1245 2433 1307 prebuit

516 1343 565 1386 et
589 1352 867 1385 consensum
890 1339 942 1382 ut
966 1333 1150 1397 plenius
1173 1334 1221 1380 in
1243 1333 1394 1381 literis
1417 1333 1661 1380 reuerendi
1683 1333 1835 1395 patris
1856 1333 2061 1395 episcopi
2086 1332 2384 1380 continentur
2421 1361 2431 1368 ·

518 1430 578 1476 In
616 1427 750 1488 cujus
773 1425 842 1472 rei
863 1422 1187 1471 testimonium
1211 1420 1413 1483 sigillum
1436 1425 1646 1468 nostrum
1680 1420 1976 1483 presentibus
1999 1420 2170 1483 apponi
2191 1420 2386 1467 fecimus
2423 1448 2432 1456 -

519 1517 667 1581 Apud
690 1518 897 1562 castrum
920 1515 1134 1560 nostrum
1159 1511 1217 1558 de
1241 1510 1489 1571 Brechyne
1513 1508 1731 1557 vicesimo
1767 1508 1843 1555 die
1875 1508 2292 1580 mensis-Octobris
2313 1523 2435 1554 anno

519 1603 714 1654 Domini
736 1601 986 1650 millesimo
1010 1597 1468 1663 quadringentesimo
1492 1596 1713 1644 vicesimo
1736 1612 1860 1644 nono
1898 1624 1907 1633 -

428 1807 457 1835 ἕ
521 1806 668 1854 Carta
692 1801 965 1851 donacionis
989 1799 1040 1846 xl
1062 1798 1287 1846 librarum
1309 1801 1542 1845 terrarum
1567 1797 1624 1843 de
1650 1795 1938 1858 Cortoqwhy
1977 1823 1985 1831 ·

430 1959 494 2004 33
531 1931 803 2011 Omnibus
837 1959 960 2004 hano
1001 1960 1182 2002 cartam
1229 1954 1398 2002 visuris
1434 1953 1507 2001 vel
1544 1952 1775 2000 audituris
1811 1949 2055 1996 Walterus
2091 1947 2333 1995 Palatinus
2378 1947 2434 1992 de

520 2050 771 2099 Strathern
808 2075 818 2085 ·
855 2043 1049 2093 Atholie
1095 2046 1144 2090 et
1191 2042 1422 2089 Cathanie
1458 2055 1626 2094 comes,
1662 2055 1719 2086 ao
1755 2038 1967 2086 dominus
2002 2037 2059 2083 de
2094 2035 2338 2097 Brechyne
2384 2038 2432 2080 et

520 2141 578 2187 de
614 2135 937 2199 Cortowquhy
973 2131 1186 2181 Salutem
1222 2131 1270 2178 in
1307 2130 1513 2178 Domino
1548 2127 1878 2191 sempiternam
1916 2126 2090 2172 Vestra
2123 2123 2306 2170 nouerit
2340 2121 2440 2168 uni-

519 2227 722 2276 uersitas
755 2240 842 2273 nos
877 2222 1062 2270 dedisse
1090 2249 1099 2257 -
1129 2249 1137 2258 ·
1166 2248 1175 2257 ·
1205 2220 1254 2266 in
1288 2219 1464 2265 honore
1499 2214 1848 2278 Omnipotentis
1889 2213 1981 2259 Dei
2013 2215 2061 2258 et
2100 2211 2248 2257 Beate
2285 2209 2436 2256 Marie

520 2315 731 2379 Virginis
769 2329 853 2362 sue
894 2310 1060 2359 matris
1111 2324 1168 2356 ac
1219 2306 1425 2355 omnium
1471 2304 1642 2352 ciuium
1688 2316 1989 2364 supernorum
2037 2298 2233 2345 ecclesie
2279 2297 2438 2344 cathe-

520 2405 639 2454 drali
676 2404 851 2452 Sancte
890 2398 1139 2447 Trinitatis
1174 2398 1232 2443 de
1268 2395 1488 2456 Brechyn
1526 2408 1612 2455 pro
1651 2390 1802 2439 salute
1837 2388 2094 2435 animarum
2129 2384 2436 2448 progenitoris

518 2493 669 2542 nostri
709 2496 758 2539 et
798 2487 1053 2553 genetricis
1090 2489 1252 2533 nostre
1292 2482 1447 2530 anime
1486 2483 1646 2528 nostre
1692 2478 2044 2537 animarumque
2089 2477 2437 2520 antecessorum

518 2586 785 2632 nostrorum
823 2582 873 2629 et
911 2589 1232 2626 successorum
1273 2572 1321 2618 in
1362 2585 1526 2634 puram
1567 2571 1616 2615 et
1655 2569 1928 2630 perpetuam
1970 2561 2256 2610 elimosinam
2294 2561 2438 2622 quad-

518 2671 704 2734 raginta
742 2668 889 2718 libras
928 2664 1072 2713 annui
1111 2660 1326 2709 redditus
1364 2656 1606 2706 annuatim
1644 2656 1702 2702 de
1742 2652 1884 2701 terris
1915 2650 2089 2698 nostris
2129 2650 2186 2695 de
2224 2648 2434 2696 Cortow-

518 2761 645 2825 quhy
696 2755 968 2820 jacentibus
1014 2752 1137 2799 infra
1187 2747 1565 2797 vicecomitatum
1613 2744 1670 2790 de
1717 2741 1884 2789 Forfar
1938 2738 2162 2785 leuandas
2218 2740 2266 2783 et
2318 2735 2433 2782 reci-

517 2849 715 2913 piendas
751 2843 995 2894 annuatim
1036 2841 1097 2887 ad
1139 2839 1256 2886 duos
1296 2835 1406 2884 anni
1445 2831 1671 2881 terminos
1718 2827 1903 2877 usuales
1944 2826 2024 2873 viz.
2064 2825 2188 2873 festa
2235 2823 2435 2870 Penthe-

518 2941 676 2986 costes
710 2939 760 2982 et
790 2931 955 2981 Sancti
994 2926 1194 2976 Martini
1228 2926 1277 2972 in
1310 2924 1477 2986 hyeme
1514 2935 1599 2983 per
1636 2916 1825 2981 equales
1847 2914 2086 2978 portiones
2109 2928 2193 2974 per
2215 2926 2432 2974 procura-

516 3031 669 3074 torem
690 3034 983 3071 communem
1022 3016 1149 3064 dicte
1186 3011 1384 3062 ecclesie
1419 3011 1477 3057 de
1513 3006 1743 3055 Brechine
1767 3003 1846 3067 qui
1869 3017 1951 3066 pro
1975 3005 2185 3063 tempore
2207 2999 2348 3046 fuerit
2371 3000 2430 3045 ad

517 3110 909 3163 sustentationem
947 3108 1143 3154 duorum
1178 3099 1524 3165 capellanorum
1561 3110 1646 3143 sex
1683 3106 1931 3156 puerorum
1968 3087 2180 3136 misteria
2201 3086 2361 3133 diuina
2383 3086 2430 3131 in

518 3203 649 3251 dicta
677 3198 879 3248 ecclesia
908 3197 967 3243 de
997 3192 1218 3254 Brechyn
1247 3203 1332 3252 pro
1360 3189 1588 3250 perpetuo
1624 3180 2019 3228 celebraturorum
2061 3176 2142 3223 viz.
2177 3190 2260 3237 per
2282 3174 2433 3220 dictos

519 3292 636 3339 duos
658 3287 961 3352 presbyteros
983 3280 1111 3330 omni
1135 3279 1210 3326 die
1235 3278 1354 3324 duas
1376 3273 1543 3321 missas
1566 3266 1814 3317 alternatis
1838 3265 2016 3313 vicibus
2053 3291 2062 3301 ·
2101 3263 2254 3309 Unam
2289 3260 2434 3308 altam
