2950 3970
543 653 653 706 164
718 649 1183 707 REGISTRUM
1220 650 1759 708 EPISCOPATUS
1799 651 2392 707 BRECHINENSIS.

544 844 676 888 tatus
714 869 723 878 ·
763 868 774 878 ·
814 868 823 878 ·
859 839 1112 903 requisitus
1145 855 1231 903 per
1265 839 1444 888 dictum
1479 841 1786 888 reuerendum
1809 844 1994 903 patrem
2016 844 2069 889 ut
2093 841 2159 888 ibi
2182 843 2478 905 compareret

545 930 606 976 ad
630 928 882 977 videndum
906 932 956 976 et
979 927 1300 977 testimonium
1335 927 1674 991 perhibendum
1703 926 1907 991 quaIIter
1928 932 2056 977 mete
2089 928 2208 978 alias
2241 929 2478 993 assignate

545 1033 630 1081 per
665 1021 845 1065 certam
882 1015 1078 1066 assisam
1117 1019 1167 1064 et
1203 1031 1289 1079 per
1324 1015 1478 1079 ipsum
1514 1015 1807 1066 vicecomitis
1846 1017 2125 1080 deputatum
2161 1019 2220 1066 de
2253 1018 2479 1066 mandato

549 1134 558 1143 ·
598 1134 609 1143 -
647 1104 657 1143 ἐ
692 1105 727 1152 J
730 1105 865 1153 acobi
899 1104 1094 1154 secundi
1127 1104 1250 1168 regis
1286 1104 1446 1152 Scotie
1483 1104 1542 1152 de
1585 1104 1864 1152 duodecima
1887 1108 1938 1153 et
1963 1106 2290 1154 decimatertia
2313 1105 2478 1154 diebus

549 1194 770 1242 Octobris
807 1191 972 1241 ultime
1010 1191 1158 1256 lapsis
1190 1192 1381 1240 fuerunt
1406 1193 1647 1241 destructe
1682 1196 1732 1241 et
1767 1191 1951 1256 lapides
1978 1193 2178 1257 proiecti
2201 1193 2250 1241 in
2274 1209 2398 1257 aqua
2421 1195 2479 1241 de

548 1284 707 1331 Cruok
729 1283 910 1331 fossata
932 1280 1117 1345 repleta
1138 1285 1269 1329 terra
1302 1281 1351 1328 in
1388 1280 1588 1329 diuersis
1610 1280 1728 1329 locis
1762 1281 1811 1328 in
1846 1281 2016 1329 itinere
2048 1281 2374 1345 perambulato
2396 1297 2482 1345 per

549 1371 725 1419 dictam
744 1370 941 1419 assisam
979 1397 990 1408 ·
1028 1369 1095 1417 Et
1118 1369 1265 1417 etiam
1289 1369 1350 1417 ad
1375 1369 1491 1417 dicti
1515 1369 1762 1417 reuerendi
1780 1368 1930 1433 patris
1953 1373 2219 1433 requestam
2240 1385 2483 1433 comparu-

547 1463 686 1508 erunt
710 1458 855 1506 etiam
878 1457 1053 1506 ibidem
1079 1456 1326 1506 Walterus
1362 1457 1600 1520 Lindesay
1635 1457 1694 1505 de
1731 1456 2113 1521 Kynblathmont
2136 1462 2186 1505 et
2214 1456 2483 1506 WiHelmus

546 1545 915 1609 Ouchterlowny
940 1546 998 1593 de
1025 1544 1173 1608 Kelly
1207 1561 1312 1593 cum
1349 1544 1512 1594 multis
1546 1544 1653 1594 aliis
1676 1545 1912 1594 nobilibus
1937 1550 1986 1594 et
2010 1545 2299 1595 notabilibus
2322 1546 2434 1595 viris
2473 1575 2483 1584 ·

549 1636 642 1692 Qui
678 1636 932 1698 deputatus
967 1633 1258 1682 vicecomitis
1292 1634 1412 1681 bene
1447 1633 1660 1698 percepit
1697 1638 1746 1682 et
1783 1633 1909 1682 clare
1946 1635 2064 1683 vidit
2101 1639 2153 1683 ut
2189 1636 2409 1700 apparuit
2435 1639 2485 1684 et

549 1725 672 1772 dixit
714 1739 931 1787 magnam
966 1726 1143 1770 terram
1177 1721 1441 1770 laboratam
1477 1726 1528 1770 et
1562 1725 1746 1770 aratam
1779 1738 1920 1786 super
1954 1724 2103 1787 ripam
2139 1723 2393 1773 australem
2429 1725 2486 1772 de

550 1813 708 1861 Cruok
732 1813 782 1860 in
805 1811 974 1860 itinere
996 1827 1083 1874 per
1105 1811 1282 1859 dictam
1306 1810 1504 1859 assisam
1539 1810 1867 1874 perambulato
1901 1815 1951 1860 et
1987 1812 2226 1861 declarato
2250 1829 2336 1876 pro
2360 1828 2487 1862 com-

551 1902 679 1949 muni
724 1900 1032 1949 Brechinensi
1071 1899 1254 1964 lapides
1295 1900 1438 1948 etiam
1478 1900 1527 1947 in
1566 1900 1759 1949 fossatis
1793 1902 1975 1964 positos
2009 1901 2246 1965 proiectos
2279 1902 2327 1949 in
2362 1918 2487 1965 aqua

553 1992 611 2038 de
648 1990 807 2037 Cruok
848 1993 898 2037 et
938 1988 1114 2038 fossata
1158 1988 1293 2052 quasi
1335 1987 1518 2052 repleta
1555 1992 1687 2036 terra
1726 1993 1777 2036 et
1815 1989 1940 2037 hunc
1973 1993 2100 2037 terre
2134 1989 2343 2038 laborem
2379 2005 2485 2037 cum

553 2079 725 2128 aratris
760 2082 810 2126 et
845 2094 932 2142 pro
966 2093 1136 2140 magna
1169 2081 1306 2140 parte
1341 2076 1573 2125 seminate
1614 2092 1721 2124 cum
1760 2076 1901 2125 blado
1942 2081 1991 2126 et
2031 2077 2129 2126 lino
2166 2093 2271 2125 cum
2306 2077 2488 2141 proiec-

552 2168 682 2216 tione
706 2167 912 2230 lapidum
938 2166 986 2213 in
1010 2181 1135 2229 aqua
1158 2168 1206 2213 et
1231 2165 1552 2213 destructione
1575 2166 1861 2214 fossatorum
1885 2167 2098 2230 percepit
2123 2171 2172 2214 et
2205 2166 2330 2215 clare
2354 2165 2486 2222 vidit,

554 2261 607 2304 ut
631 2255 832 2305 asseruit
855 2255 1077 2319 precipue
1112 2270 1143 2301 a
1175 2258 1306 2302 terra
1340 2254 1398 2301 de
1435 2253 1700 2317 Balzvordy
1724 2269 1865 2318 super
1889 2254 2048 2302 Cruok
2072 2256 2133 2302 ad
2157 2255 2413 2303 australem
2437 2259 2486 2303 et

555 2344 772 2393 totaliter
795 2359 943 2407 usque
981 2343 1042 2391 ad
1079 2345 1254 2390 metam
1295 2341 1637 2389 occidentalem
1673 2346 1722 2390 et
1759 2358 1905 2406 prope
1944 2343 2022 2390 ubi
2060 2343 2231 2391 Lochti
2264 2343 2412 2392 intrat
2438 2344 2486 2390 in

557 2438 716 2486 Cruok
739 2453 824 2500 per
845 2440 998 2484 totam
1020 2439 1198 2483 terram
1222 2449 1364 2498 super
1388 2434 1545 2482 Cruok
1569 2451 1659 2498 que
1685 2434 1931 2483 dicebatur
1968 2436 2027 2483 de
2065 2435 2362 2484 Balnamune
2399 2451 2485 2500 pro

556 2528 589 2574 J
594 2527 777 2575 ohanne
815 2526 874 2572 de
913 2523 1057 2572 Culas
1093 2551 1104 2560 -
1141 2522 1218 2570 De
1255 2522 1388 2570 cuius
1423 2526 1551 2570 terre
1586 2521 1747 2571 labore
1782 2527 1832 2572 et
1855 2523 2398 2588 proiectiouis.lapidum
2439 2526 2485 2572 in

554 2630 681 2678 aqua
703 2617 753 2661 et
777 2611 1052 2676 repletionis
1073 2611 1357 2660 fossatorum
1382 2614 1548 2659 contra
1571 2611 1938 2659 declarationem
1964 2611 2090 2660 dicte
2121 2613 2269 2662 assise
2293 2617 2343 2660 et
2367 2613 2490 2660 inhi-

557 2702 784 2750 bitionem
820 2700 937 2748 dicti
982 2698 1274 2748 vicecomitis
1311 2699 1527 2762 deputati
1563 2703 1857 2763 protestatus
1902 2704 1975 2748 est
2010 2700 2166 2749 dictus
2203 2729 2213 2738 ·
2253 2730 2262 2739 ·
2303 2728 2312 2738 ·
2351 2702 2489 2766 Epis-

559 2805 706 2854 copus
728 2793 778 2837 et
803 2789 1047 2836 emendam
1070 2787 1243 2851 petiuit
1284 2803 1345 2835 ex
1385 2791 1521 2850 parte
1561 2787 1760 2837 ecclesie
1797 2788 1899 2837 eius
1938 2793 1988 2836 et
2028 2789 2224 2852 capituli
2261 2791 2333 2838 sui
2370 2791 2487 2839 Bre-

559 2878 796 2928 chinensis
832 2906 843 2916 ·
881 2878 1032 2940 Super
1065 2877 1234 2940 quibus
1268 2875 1484 2945 omnibus
1507 2880 1557 2925 et
1581 2876 1776 2940 singulis
1799 2877 1955 2926 dictus
1979 2878 2264 2927 reuerendus
2287 2884 2425 2942 pater
2458 2896 2487 2927 a

560 2984 636 3016 me
659 2967 846 3015 notario
884 2994 894 3003 ·
933 2993 944 3003 ·
983 2993 993 3003 ·
1028 2965 1169 3029 petiit
1192 2964 1431 3029 publicum
1462 2965 1822 3015 instrumentum
1863 2994 1872 3003 ·
1913 2994 1922 3003 ·
1963 2994 1973 3004 ·
2010 2967 2137 3015 Acta
2169 2967 2361 3015 fuerunt
2399 2968 2487 3015 bec

560 3058 609 3104 in
651 3055 780 3103 dicto
816 3054 985 3102 itinere
1010 3069 1095 3117 per
1116 3053 1349 3117 prefatam
1387 3053 1583 3102 assisam
1607 3053 1737 3118 prius
1773 3053 2099 3118 perambulato
2139 3054 2405 3118 incipiendo
2428 3056 2488 3103 ab

561 3144 743 3192 oriente
767 3143 891 3206 apud
914 3141 965 3205 ly
988 3140 1392 3205 Throphalchfurd
1417 3145 1466 3190 et
1490 3141 1560 3191 sic
1577 3157 1739 3191 versus
1756 3142 2051 3190 occidentem
2070 3158 2211 3206 super
2234 3142 2490 3192 australem

555 3235 742 3297 partem
781 3231 841 3278 de
881 3229 1041 3278 Cruok
1063 3244 1211 3293 usque
1234 3245 1381 3293 prope
1405 3229 1486 3277 ubi
1521 3229 1670 3278 intrat
1698 3229 1884 3293 Lochty
1923 3230 1971 3278 in
2009 3230 2170 3280 Cruok
2193 3232 2254 3278 ad
2277 3230 2326 3294 ly
2351 3230 2491 3279 Blac-

558 3321 693 3369 leche
732 3323 783 3367 et
823 3317 1093 3381 Waynfurd
1131 3317 1180 3366 in
1221 3317 1380 3367 Cruok
1417 3317 1466 3366 in
1503 3317 1770 3382 oppositum
1810 3318 1890 3366 ubi
1925 3322 2085 3367 manet
2110 3318 2354 3368 Tweddall
2376 3319 2493 3367 hora
