2950 3970
565 649 673 702 156
742 646 1206 702 REGISTRUM
1245 645 1783 702 EPISCOPATUS
1824 643 2416 702 BREOHINENSIS.

563 836 698 885 Ianos
721 836 791 884 ita
813 852 916 885 esse
940 840 1208 885 asserentes
1246 864 1255 874 ·
1294 835 1420 883 Item
1444 835 1492 882 in
1511 834 1693 897 judicio
1717 849 1874 882 coram
1899 834 2035 883 nobis
2069 838 2119 882 et
2152 834 2357 882 testibus
2391 834 2497 882 sub-

563 925 755 988 scriptis
794 924 981 988 publice
1018 924 1263 987 legebatur
1299 924 1501 988 quedam
1538 922 1703 971 littera
1748 922 1972 970 citatoria
2017 922 2134 970 dicti
2179 922 2498 971 archidiaconi

563 1014 896 1062 Brechinensis
918 1014 1005 1062 sub
1029 1012 1183 1076 sigillo
1207 1013 1408 1060 rotundo
1433 1011 1549 1060 dicti
1571 1010 1819 1059 reuerendi
1843 1010 1995 1073 patris
2017 1014 2067 1058 et
2091 1014 2295 1058 executa
2330 1010 2499 1059 subtus

562 1104 609 1150 iu
635 1102 843 1165 margine
867 1106 917 1150 et
941 1102 1027 1150 sub
1051 1100 1205 1164 sigillo
1230 1100 1390 1148 Dauid
1425 1098 1659 1147 Willelmi
1697 1097 1931 1162 capellani
1961 1097 2246 1162 parochialis
2274 1098 2501 1146 Brechin-

564 1192 689 1240 ensis
713 1190 982 1239 executoris
1005 1191 1214 1239 eiusdem
1252 1193 1301 1237 et
1339 1189 1387 1236 in
1425 1190 1566 1237 dorso
1603 1187 1826 1237 scribitur
1861 1187 1919 1234 de
1954 1203 2097 1234 manu
2129 1186 2306 1235 domini
2327 1186 2501 1235 Jacobi

563 1279 703 1328 Steill
727 1279 902 1327 notarii
928 1283 977 1327 et
1001 1278 1162 1326 clerici
1187 1276 1529 1326 consistorialis
1553 1277 1612 1324 de
1636 1277 1998 1324 denuntiatione
2022 1275 2140 1324 dicti
2176 1275 2496 1324 archidiaconi

564 1367 898 1416 Brechinensis
921 1383 983 1415 ex
1007 1367 1234 1414 mandato
1259 1365 1375 1413 dicti
1399 1365 1609 1429 episcopi
1632 1368 1828 1428 propter
1851 1380 2076 1413 excessus
2098 1364 2147 1411 in
2172 1364 2302 1413 dicta
2335 1363 2500 1413 littera

564 1459 817 1504 contentos
840 1460 889 1503 et
914 1456 962 1502 in
979 1455 1161 1517 judicio
1184 1459 1298 1503 ante
1323 1454 1730 1502 denuntiationem
1753 1454 1980 1517 probatos
2003 1457 2231 1517 quantum
2254 1454 2315 1501 ad
2339 1458 2502 1517 raptu-

565 1562 665 1592 ram
689 1544 955 1593 litterarum
979 1543 1292 1593 consimilium
1317 1543 1458 1591 dictis
1480 1542 1645 1605 primis
1667 1541 1844 1591 litteris
1880 1557 1910 1589 a
1949 1542 2140 1590 domino
2175 1542 2209 1589 J
2213 1542 2398 1590 ohanne
2423 1543 2500 1605 Gy

565 1638 612 1680 in
637 1632 749 1681 villa
773 1634 831 1680 de
856 1631 1030 1680 Dunde
1061 1648 1147 1696 per
1175 1632 1292 1679 duos
1313 1635 1465 1680 testes
1488 1631 1671 1679 scilicet
1697 1631 1935 1679 dominum
1960 1631 2202 1678 Andream
2230 1630 2498 1679 Walterum

566 1725 798 1768 rectorem
823 1721 882 1768 de
910 1721 1200 1783 Kuykstoun
1225 1720 1567 1768 Sanctiandree
1593 1719 1810 1768 dioecesis
1844 1725 1894 1767 et
1913 1719 2074 1767 Dauid
2111 1719 2354 1782 Chepman
2377 1735 2498 1768 mer-

565 1814 775 1857 catorem
798 1810 878 1872 qui
910 1809 1060 1871 jurati
1099 1809 1146 1856 in
1181 1809 1359 1872 judicio
1400 1808 1627 1856 dixerunt
1662 1823 1713 1856 se
1750 1807 1896 1856 fuisse
1933 1811 2182 1871 presentes
2216 1807 2266 1855 in
2303 1811 2498 1871 raptura

567 1899 799 1946 dictarum
845 1898 1111 1946 litterarum
1158 1904 1212 1946 ut
1257 1896 1460 1961 predicti
1508 1896 1686 1944 domini
1727 1896 1888 1944 Dauid
1950 1894 2182 1943 Willelmi
2229 1895 2499 1959 capellanus

564 1987 849 2050 parochialis
868 1987 1202 2035 Brechinensis
1225 1991 1275 2033 et
1297 1986 1331 2032 J
1334 1986 1511 2033 acobus
1529 1983 1668 2033 Steill
1686 1985 1843 2033 scriba
1865 1984 1993 2032 curie
2017 1999 2102 2047 per
2124 1999 2210 2032 sua
2225 1984 2499 2046 juramenta

567 2091 724 2124 coram
749 2075 886 2124 nobis
909 2075 1227 2138 deposuerunt
1251 2074 1299 2121 in
1316 2074 1499 2136 judicio
1529 2077 1646 2121 tunc
1683 2100 1694 2110 ·
1731 2072 1833 2120 Nec
1869 2073 2024 2136 prima
2044 2071 2208 2121 littera
2231 2074 2427 2122 detenta
2450 2079 2499 2122 et

566 2169 708 2228 capta
731 2181 761 2212 a
784 2164 914 2212 dicto
939 2164 1174 2226 Magistro
1201 2163 1481 2211 Alexandro
1501 2178 1603 2225 vper
1637 2161 2021 2209 archidiaconum
2054 2160 2421 2211 Brechinensem
2445 2168 2498 2210 ut

567 2253 741 2301 dicitur
763 2268 852 2300 nec
875 2251 959 2300 illa
981 2251 1242 2300 consimilis
1263 2255 1316 2298 ut
1355 2250 1530 2298 dicitur
1567 2254 1705 2312 rapta
1741 2265 1771 2297 a
1807 2249 1939 2297 dicto
1963 2249 2152 2298 domino
2173 2249 2208 2296 J
2212 2250 2396 2299 ohanne
2421 2253 2498 2314 Gy

567 2344 811 2405 reportata
834 2344 943 2389 sunt
968 2341 1029 2388 ad
1046 2340 1276 2402 judicium
1317 2367 1326 2377 ·
1364 2339 1457 2393 Qui
1494 2338 1854 2386 archidiaconus
1886 2338 2128 2401 predictus
2166 2339 2499 2389 Brechinensis

568 2435 621 2478 ut
640 2430 814 2477 dicitur
829 2432 966 2477 tenet
983 2428 1148 2476 ambas
1186 2455 1197 2467 -
1235 2427 1417 2483 Quibus
1432 2427 1637 2476 testibus
1653 2427 1830 2475 auditis
1854 2427 2023 2475 iterum
2041 2427 2192 2489 judex
2208 2428 2332 2489 fecit,
2343 2431 2498 2477 vocari

568 2520 804 2582 prefatum
827 2517 1210 2565 archidiaconum
1237 2516 1604 2564 Brechinensem
1624 2531 1717 2579 quo
1735 2531 1829 2563 non
1849 2520 2152 2579 comparente
2170 2517 2282 2580 quia·
2299 2516 2381 2565 illa
2399 2519 2499 2567 dies

568 2609 659 2655 fuit
683 2607 924 2669 assignata
946 2605 1162 2668 predicto
1184 2604 1518 2653 archidiacono
1555 2603 1867 2652 Brechinensi
1905 2604 2117 2666 prefatus
2153 2609 2291 2668 pater
2326 2607 2499 2669 petiuit

571 2696 732 2759 copias
753 2699 854 2743 tam
878 2693 1196 2757 exemptionis
1219 2693 1343 2749 dicti,
1359 2692 1681 2741 archidiaconi
1699 2708 1841 2756 quam
1860 2692 2195 2742 executorialis
2217 2699 2357 2756 prout
2380 2694 2500 2743 alias

570 2785 743 2848 petiuit
778 2788 992 2847 tempore
1031 2781 1326 2830 executionis
1365 2797 1526 2830 earum
1567 2780 1751 2830 scilicet
1784 2781 1937 2844 prima
1971 2780 2047 2828 die
2082 2781 2292 2829 eiusdem
2326 2785 2499 2832 mensis

573 2873 741 2921 Martii
764 2875 813 2920 et
837 2886 955 2935 quas
977 2875 1030 2919 ut
1053 2870 1254 2919 asseruit
1278 2870 1484 2918 nondum
1509 2869 1690 2932 recepit
1727 2897 1738 2907 -
1775 2867 1962 2917 Obtulit
1985 2868 2131 2916 etiam
2149 2870 2499 2932 responsionem

570 2978 702 3011 suam
727 2961 775 3008 in
799 2960 989 3023 scriptis
1011 2960 1072 3008 ad
1097 2959 1251 3007 dictas
1272 2957 1427 3007 bullas
1449 2962 1500 3006 et
1523 2958 1585 3005 ad
1608 2956 1952 3006 inhibutionem
1975 2957 2066 3006 sibi
2090 2957 2267 3005 factam
2291 2974 2376 3022 per
2402 2960 2500 3007 Ab-

571 3052 732 3098 batem
756 3050 814 3096 de
839 3047 1158 3095 Abirbrothoc
1180 3047 1356 3095 virtute
1380 3046 1614 3093 dictarum
1637 3044 1870 3093 bullarum
1894 3044 2024 3092 dicta
2045 3045 2198 3108 prima
2232 3046 2308 3094 die
2334 3047 2501 3096 Martii

573 3154 714 3203 quam
737 3137 1089 3200 responsionem
1112 3152 1199 3199 pro
1222 3151 1308 3184 sua
1329 3133 1648 3198 appellatione
1672 3149 1702 3181 a
1725 3132 1952 3196 predictis
1975 3132 2090 3181 fecit
2111 3133 2205 3197 legi
2227 3134 2414 3197 publice
2451 3136 2500 3183 in

569 3226 750 3289 judicio
790 3230 839 3273 et
874 3225 923 3272 in
958 3223 1134 3288 duplici
1169 3224 1325 3271 forma
1363 3222 1563 3271 offerens
1599 3209 1741 3269 unam
1778 3224 1964 3284 partem
2003 3221 2133 3269 dicto
2170 3223 2503 3272 archidiacono

577 3314 885 3364 Brechinensi
910 3312 984 3362 vel
1006 3313 1283 3376 cuicumque
1306 3314 1594 3374 potestatem
1612 3309 1808 3358 habenti
1847 3336 1857 3346 ·
1896 3308 1991 3356 Sed
2011 3308 2166 3358 dictus
2185 3314 2324 3373 pater
2341 3311 2504 3360 videns
