2950 3970
498 638 608 692 150
674 638 1137 696 REGISTRUM
1176 639 1716 696 EPISCOPATUS
1755 639 2349 698 BRECHINENSIS.

497 828 678 876 fossata
701 832 750 877 et
774 829 916 892 positi
940 835 1050 879 sunt
1075 830 1230 893 magni
1268 829 1450 894 lapides
1473 830 1596 878 sicut
1634 829 1682 877 in
1721 834 1827 878 toto
1865 830 2034 878 itinere
2058 830 2118 878 ab
2143 830 2324 878 oriente
2363 845 2437 876 us-

499 933 590 979 que
614 918 675 964 ad
700 918 997 967 occidentem
1021 919 1299 984 positi-sunt
1335 934 1440 966 cum
1471 919 1665 967 fossatis
1700 923 1750 966 et
1785 919 2004 967 crucibus
2028 935 2089 968 ex
2115 918 2435 967 declaratione

500 1006 628 1053 dicte
664 1007 813 1056 assise
836 1007 960 1056 sicut
995 1007 1127 1071 prius
1164 1011 1212 1055 et
1251 1007 1374 1056 sicut
1397 1007 1457 1055 ab
1482 1007 1679 1071 antiquo
1716 1007 2061 1071 perambulatio
2100 1007 2231 1055 facta
2269 1007 2359 1054 fuit
2383 1011 2435 1053 ut

499 1112 585 1158 per
623 1112 784 1144 eorum
817 1097 1092 1158 juramenta
1129 1096 1219 1160 ipsi
1244 1097 1303 1144 de
1327 1096 1478 1146 assisa
1520 1099 1823 1145 asseruerunt
1861 1124 1870 1133 ·
1909 1096 2091 1151 Quibus
2115 1096 2353 1160 expeditis
2387 1097 2434 1142 in

500 1184 740 1247 presentia
774 1185 1008 1233 dictorum
1040 1186 1306 1247 juratorum
1332 1190 1381 1233 et
1406 1185 1533 1233 circa
1569 1185 1776 1232 medium
1800 1185 1984 1233 itineris
2008 1185 2321 1249 perambulati
2344 1185 2436 1232 feci

500 1289 584 1336 per
608 1273 769 1320 Dauid
795 1272 1038 1337 Balbyrny
1061 1289 1242 1321 marum
1269 1274 1496 1338 quarterii
1522 1275 1580 1322 de
1607 1274 1813 1322 Brechin
1845 1273 2033 1338 publice
2067 1273 2350 1338 proclamari
2375 1290 2435 1321 ex

499 1366 635 1425 parte
677 1362 883 1426 supremi
908 1362 1083 1410 domini
1107 1363 1258 1411 nostri
1286 1363 1431 1426 Regis
1469 1368 1518 1411 et
1556 1363 1687 1411 dicta
1729 1362 2060 1411 decimatertia
2095 1362 2170 1410 die
2213 1361 2436 1411 Octobris

502 1452 572 1499 Ne
621 1451 725 1514 quis
771 1451 1108 1516 cuiuscumque
1143 1455 1300 1501 status
1340 1457 1425 1501 aut
1468 1453 1754 1501 conditionis
1802 1453 2035 1501 existeret
2082 1457 2131 1501 et
2178 1453 2265 1501 sub
2313 1468 2436 1515 pena

497 1540 778 1604 proditionis
814 1544 862 1588 et
899 1541 1247 1590 confiscationIs
1284 1542 1489 1590 omnium
1529 1547 1762 1589 terrarum
1799 1545 1848 1590 et
1882 1542 2110 1589 bonorum
2138 1541 2313 1588 dictam
2357 1541 2437 1588 de-

498 1630 804 1678 clarationem
835 1630 1110 1694 infringeret
1135 1635 1184 1678 et
1208 1635 1292 1679 aut
1316 1635 1469 1679 metas
1494 1647 1576 1679 seu
1600 1631 1735 1693 signa
1771 1634 2037 1679 remoueret
2061 1634 2145 1678 aut
2170 1631 2435 1678 destrueret

498 1719 682 1782 publice
707 1718 782 1766 vel
806 1718 991 1767 occulte
1016 1719 1195 1767 directe
1232 1735 1315 1768 seu
1340 1719 1571 1767 indirecte
1596 1734 1873 1783 quocunque
1897 1723 2118 1783 pretenso
2143 1735 2226 1768 seu
2251 1719 2435 1783 quesito

490 1810 597 1869 jure
635 1813 718 1857 aut
756 1807 913 1857 colore
949 1808 1155 1857 testibus
1193 1808 1241 1856 in
1278 1808 1495 1856 omnibus
1533 1807 1761 1872 predictis
1798 1812 1898 1856 tam
1939 1808 2080 1856 dictis
2117 1809 2269 1871 prima
2293 1825 2431 1872 quam

496 1899 703 1945 secunda
745 1896 910 1945 diebus
949 1897 1136 1944 dacobo
1178 1897 1496 1959 Skrymgeour
1535 1896 1632 1944 filio
1673 1902 1722 1944 et
1763 1897 1935 1944 herede
1978 1897 2154 1945 domini
2200 1898 2436 1946 Johannis

497 1987 819 2049 Skrymgeour
841 1986 1151 2049 suprascripti
1178 1986 1361 2033 Thoma
1385 1987 1443 2032 de
1469 1985 1656 2048 Ogilwy
1680 1985 1776 2033 filio
1801 1986 2038 2049 quondam
2064 1985 2222 2033 Dauid
2249 1987 2435 2050 Ogilwy

404 2130 409 2135 .
497 2077 554 2122 de
621 2076 786 2122 eodem
831 2074 994 2122 Dauid
1037 2074 1311 2128 Fulertoun,
1374 2074 1580 2137 Georgio
1630 2073 1906 2129 Fulertoun,
1952 2074 2171 2123 Waltero
2221 2076 2433 2125 Guthere

496 2165 593 2212 filio
622 2163 857 2212 Willelmi
886 2164 1113 2219 Guthere,
1141 2163 1360 2211 Waltero
1387 2163 1603 2226 Carnegy
1627 2162 1722 2211 filio
1749 2163 1957 2211 Walter-i
1983 2164 2199 2228 Carnegy
2223 2166 2281 2212 de
2301 2166 2436 2227 Kyn-

496 2254 654 2308 narde,
676 2252 922 2300 Willelmo
949 2252 1175 2315 Ramsay,
1214 2252 1374 2299 Dauid
1403 2251 1648 2306 Maxwell,
1674 2256 1724 2300 et
1763 2252 2007 2301 Willelmo
2057 2254 2222 2317 Nudry
2261 2283 2270 2292 ·
2309 2257 2435 2302 Acta

495 2346 604 2390 sunt
628 2342 716 2389 hec
740 2357 881 2405 super
904 2341 1080 2389 dictam
1104 2357 1275 2404 aquam
1300 2342 1358 2388 de
1385 2340 1544 2388 Cruok
1570 2341 1735 2389 diebus
1753 2356 1877 2388 anno
1901 2345 1950 2389 et
1974 2357 2133 2390 mense
2158 2343 2385 2406 predictis
2424 2371 2433 2380 ·

498 2431 562 2479 Et
588 2432 673 2479 sub
697 2430 972 2479 testimonio
996 2429 1136 2492 sigilli
1161 2430 1252 2477 mei
1278 2445 1383 2476 cum
1409 2428 1574 2492 sigillis
1599 2430 1890 2492 quorundam
1918 2431 1976 2477 de
2002 2430 2132 2478 dicta
2154 2431 2305 2480 assisa
2328 2447 2433 2479 cum

495 2520 638 2582 signis
662 2520 951 2568 notariorum
977 2519 1347 2582 subscriptorum
1374 2534 1459 2581 per
1482 2517 1661 2565 dictum
1697 2519 2005 2565 reuerendum
2030 2523 2213 2582 patrem
2240 2521 2436 2583 requisi-

494 2614 648 2656 torum
685 2612 734 2656 et
769 2608 817 2655 in
852 2607 1093 2671 presentia
1135 2607 1368 2654 dictorum
1404 2606 1597 2654 testium
1634 2607 1695 2653 ad
1731 2607 2053 2655 testimonium
2100 2609 2432 2671 premissorum

494 2698 767 2761 specialiter
790 2701 1065 2745 vocatorum
1101 2700 1150 2744 et
1186 2699 1455 2759 rogatorum
1496 2723 1506 2732 ·
1572 2751 1575 2753 ¹

564 2789 629 2836 Et
665 2803 751 2850 ego
788 2787 947 2834 Dauid
986 2786 1181 2835 Andree
1205 2785 1439 2848 presbiter
1464 2784 1797 2832 Breehinensis
1821 2785 2036 2833 dioecesis
2073 2813 2083 2822 ·
2123 2813 2132 2823 ·
2172 2814 2182 2823 ·

570 2877 635 2924 Et
671 2893 757 2939 ego
782 2875 1010 2939 Fynlaius
1045 2874 1305 2937 Dempstar
1342 2871 1540 2920 clericus
1579 2871 1930 2921 Dunkeldensis
1968 2873 2182 2922 dioecesis
2217 2875 2430 2938 publicus

494 2964 756 3028 apostoliea
780 2963 1039 3012 autoritate
1063 2962 1277 3011 notarius
1318 2990 1327 2999 ·
1367 2989 1377 2999 ·
1417 2990 1426 2999 -
1465 2961 1531 3008 Ff
1551 2961 1809 3024 Dempstar
1847 2989 1856 2998 ·

440 3250 469 3278 πε
495 3234 752 3280 Decretum
787 3229 1206 3294 perambulationis
1232 3228 1438 3276 Walteri
1465 3227 1636 3290 Ogilby
1673 3226 1961 3276 vicecomitis
1996 3229 2054 3290 de
2091 3230 2260 3277 Forfar
2298 3259 2307 3267 ·
2345 3231 2431 3278 Su-

492 3337 575 3384 per
612 3320 753 3368 metis
789 3323 1020 3367 terrarum
1060 3317 1269 3381 episcopi
1309 3315 1643 3365 Breehinensis
1680 3319 1729 3363 et
1770 3315 1992 3363 Menmur
2015 3318 2073 3364 de
2097 3319 2322 3366 mandato
2355 3335 2430 3367 su-
