2950 3970
670 635 1134 696 REGISTRUM
1173 644 1708 703 EPISCOPATUS
1749 650 2335 713 BRECHINENSIS.
2395 663 2463 715 65

541 822 682 883 petiit
722 826 960 887 publicum
1000 832 1362 881 instrumentum
1404 834 1476 882 vel
1512 836 1824 886 instrumenta
1861 867 1871 876 ·
1908 841 2033 888 Acta
2067 842 2254 892 fuerunt
2292 846 2378 894 hec
2415 848 2462 894 in

541 910 750 973 capitulo
795 916 1011 978 predicto
1049 947 1058 956 ·
1098 947 1107 956 ·
1147 948 1157 957 ·
1195 921 1499 972 Presentibus
1539 925 1754 974 discretis
1799 926 1912 976 viris
1957 929 2156 979 dominis
2202 931 2461 983 Cuthberto

541 999 721 1048 decano
747 1002 965 1053 Gilberto
991 1007 1151 1055 Broun
1176 1014 1369 1058 cantore
1386 1011 1420 1058 J
1423 1011 1606 1060 ohanne
1631 1013 1768 1076 Lyell
1790 1014 2083 1065 thesaurario
2107 1002 2306 1082 Hugone
2332 1021 2462 1070 Hen-

540 1086 625 1134 rici
660 1089 930 1141 subdecano
963 1094 997 1140 J
1001 1095 1184 1144 ohanne
1227 1098 1379 1160 Steyll
1421 1101 1647 1149 canonico
1683 1102 1988 1153 Brechinensi
2031 1105 2246 1155 Waltero
2282 1110 2460 1173 Demp-

482 1157 487 1162 ⁸
539 1179 638 1222 ster
661 1177 851 1228 domino
890 1182 949 1229 de
990 1183 1262 1234 Ochterless
1286 1185 1475 1235 Simone
1510 1188 1682 1237 Clerici
1720 1194 1768 1238 et
1796 1191 2016 1241 Johanne
2054 1194 2250 1243 Henrici
2288 1198 2345 1244 de
2371 1201 2459 1245 Ar-

538 1264 737 1314 brotboc
773 1283 877 1316 cum
914 1270 1076 1320 multis
1099 1271 1206 1320 aliis
1239 1274 1458 1324 1001111110
1478 1303 1489 1312 -
1527 1304 1537 1314 ·
1577 1305 1586 1314 ·
1626 1277 1692 1326 Et
1715 1294 1801 1342 ego
1826 1279 2020 1330 Finlaus
2045 1281 2302 1347 Dempster
2323 1286 2457 1334 cleri-

526 1368 622 1401 .οιιο
646 1353 999 1408 Dunkeldensis
1023 1359 1238 1410 dioecesis
1276 1389 1286 1399 ·
1325 1391 1335 1400 ·
1376 1391 1384 1400 ·
1421 1365 1632 1414 notarius
1670 1395 1679 1404 ·
1718 1394 1729 1404 ·
1768 1396 1777 1405 ·

539 1554 821 1604 Mandatum
847 1558 1168 1622 inquisicionis
1191 1578 1331 1626 super
1355 1564 1491 1626 pecia
1512 1569 1637 1612 terre
1667 1567 1856 1628 jacente
1893 1568 1940 1615 in
1970 1570 2285 1620 Monrwmont
2309 1573 2455 1621 direc-

534 1647 637 1691 tum
661 1645 1017 1696 vicecomitibus
1041 1654 1090 1697 01
1115 1649 1303 1699 balliuis
1325 1653 1422 1700 suis
1445 1653 1503 1699 de
1528 1653 1696 1701 Forfar
1732 1683 1742 1693 ·

445 1799 512 1845 44
543 1767 779 1850 Jacobus
803 1803 896 1851 Dei
918 1805 1079 1867 gracia
1101 1823 1187 1854 rex
1212 1807 1461 1856 Scotorum
1495 1808 1759 1856 vicecomiti
1798 1813 1847 1856 01
1881 1809 2066 1859 balliuis
2089 1812 2185 1860 suis
2209 1814 2266 1860 (10
2291 1815 2456 1862 Forfar

535 1888 752 1938 salutem.
809 1892 1046 1956 Exposuit
1070 1895 1206 1943 nobis
1229 1897 1516 1944 reuerendus
1540 1896 1588 1943 in
1604 1896 1760 1944 Cristo
1783 1900 1921 1960 pater
1942 1898 1976 1944 J
1980 1898 2186 1948 ohannes
2210 1901 2454 1965 episcopus

535 1979 866 2030 Brechinensis
888 1983 1013 2046 quod
1049 1983 1121 2031 sui
1155 1985 1512 2046 predecessores
1542 1985 1662 2032 bone
1686 1985 1907 2032 memorie
1932 1986 2138 2050 episcopi
2173 1992 2220 2035 01
2255 1989 2454 2038 00010013

534 2069 868 2118 Brechinensis
889 2070 1036 2118 libere
1060 2072 1254 2134 pacifice
1292 2076 1340 2120 01
1378 2072 1536 2136 (1111010
1573 2073 1749 2136 absque
1786 2074 2157 2122 contradictione
2195 2076 2453 2125 cuiuscum-

533 2174 624 2220 que
648 2158 882 2221 quandam
907 2159 1187 2222 particulam
1213 2160 1312 2208 siue
1335 2160 1517 2223 peciam
1546 2165 1671 2208 terre
1707 2164 1756 2207 et
1790 2176 1917 2208 more
1953 2162 2010 2208 (10
2045 2162 2089 2209 10
2127 2163 2450 2213 Monrwmond

533 2247 591 2292 de
623 2247 886 2310 propinquo
916 2247 1156 2309 jacentem
1194 2249 1255 2295 ad
1291 2249 1530 2311 grangiam
1568 2263 1699 2296 suam
1738 2249 1795 2295 de
1834 2249 2068 2297 Fernwell
2105 2250 2226 2298 infra
2262 2252 2450 2300 balliam

531 2339 736 2384 vestram
760 2336 1066 2400 possidebant
1104 2364 1114 2374 ·
1152 2336 1445 2399 Quequidem
1468 2336 1701 2399 particula
1735 2336 1834 2384 siue
1869 2336 2004 2399 pecia
2033 2341 2157 2385 terre
2193 2341 2251 2386 de
2285 2356 2450 2403 magno

530 2429 744 2488 tempore
782 2424 912 2473 culta
947 2441 1041 2472 non
1079 2425 1234 2473 fuerat
1271 2424 1383 2472 licet
1407 2424 1653 2487 vestigium
1679 2423 1860 2471 culture
1896 2425 1954 2471 de
1988 2426 2194 2487 presenti
2218 2426 2264 2473 in
2289 2443 2346 2475 ea
2366 2444 2447 2492 ap-

530 2518 696 2576 pareat
731 2518 780 2562 01
817 2530 957 2577 (1113111
995 2514 1119 2561 1(10111
1155 2513 1397 2576 episcopus
1419 2513 1640 2560 reducere
1665 2512 1794 2574 cupit
1818 2515 1866 2560 et
1890 2513 2109 2575 proponit
2132 2515 2191 2560 ad
2217 2514 2444 2563 culturam

528 2603 667 2651 timet
690 2607 851 2650 tamen
888 2619 973 2665 per
1009 2602 1365 2649 circumuicinos
1388 2600 1774 2664 inquietationem
1811 2604 1860 2647 et
1897 2600 2275 2663 impedimentum
2307 2618 2445 2666 super

530 2692 696 2739 eadem
719 2691 855 2754 pecia
890 2694 1017 2738 terre
1053 2690 1144 2738 sibi
1181 2689 1340 2736 inferri
1379 2716 1388 2726 -
1425 2688 1662 2736 Dubitans
1685 2687 1843 2750 itaque
1867 2687 1989 2734 idem
2014 2688 2257 2751 episcopus
2281 2707 2337 2738 ne
2360 2708 2445 2754 per

527 2780 755 2843 temporis
794 2794 1060 2827 successum
1102 2778 1238 2840 copia
1283 2776 1572 2840 probationis
1617 2791 1756 2838 super
1802 2774 1883 2822 illa
1921 2776 2210 2838 possessione
2249 2779 2442 2842 antiqua

526 2867 736 2916 fortuitis
759 2866 946 2915 casibus
968 2865 1273 2914 subtrahatur
1309 2893 1319 2902 ·
1357 2863 1649 2927 Supplicauit
1673 2863 1807 2910 nobis
1834 2863 1923 2911 sibi
1956 2879 2097 2926 super
2118 2865 2206 2912 1100
2241 2867 2298 2914 (10
2322 2867 2442 2927 juris

524 2950 733 3004 remedio
773 2955 1019 3018 prouidere
1058 2982 1068 2991 ·
1106 2954 1261 3008 Quare
1311 2952 1442 3000 vobis
1486 2950 1767 3014 precipimus
1807 2954 1856 2997 et
1894 2952 2167 3000 mandamus
2212 2958 2441 3016 quatenus

523 3048 674 3092 testes
697 3059 814 3106 quos
837 3043 1050 3106 prefatus
1073 3041 1320 3104 episcopus
1345 3054 1501 3087 coram
1526 3038 1668 3086 vobis.
1685 3038 1872 3085 duxerit
1895 3039 2218 3101 producendos
2251 3046 2299 3089 et
2334 3042 2438 3092 illos

522 3132 729 3180 maxime
765 3133 823 3178 de
859 3146 1055 3194 quorum
1092 3133 1242 3176 morte
1278 3127 1351 3176 vel
1386 3126 1601 3175 absentia
1636 3126 1857 3174 diuturna
1891 3126 2206 3175 verisimiliter
2244 3130 2436 3179 timetur

521 3236 690 3282 magno
720 3220 991 3281 juramento
1027 3216 1371 3264 interueniente
1399 3215 1542 3276 juxta
1575 3213 1771 3261 formam
1808 3213 2221 3262 examinandorum
2245 3218 2433 3265 testium

519 3308 760 3372 recipiatis
798 3336 807 3344 -
846 3308 911 3354 Et
947 3307 1005 3353 de
1043 3305 1173 3352 dicta
1206 3302 1497 3366 possessione
1533 3306 1581 3348 et
1616 3300 1721 3348 aliis
1756 3301 2119 3350 circumstantiis
2153 3303 2296 3365 ipsam
2334 3322 2438 3368 pos-

1458 3391 1489 3437 9
