2950 3970
611 597 1092 655 REGISTRUM
1131 604 1671 666 EPISCOPATUS
1711 612 2301 675 BREOHINENSIS.
2341 623 2409 676 21

468 783 616 839 luhill,
670 785 831 834 Dauid
891 789 949 835 de
1002 790 1306 850 Foulertoun‚
1355 796 1602 846 Nicholam
1649 801 1706 847 de
1761 801 1951 858 Tolach,
2011 806 2267 854 Patricium
2321 811 2378 856 de

468 872 722 936 Striuelyn,
759 877 999 924 Andream
1039 878 1296 943 Dempster
1329 885 1625 943 auunculum,
1659 888 1694 934 J
1698 889 1927 938 ohannem
1975 893 2033 939 de
2080 893 2288 943 Allirdas
2334 901 2382 943 et

466 962 708 1011 Andream
755 965 813 1012 de
862 964 1104 1015 Gledstan.
1177 970 1269 1026 Qui
1308 988 1476 1036 magno
1521 981 1816 1025 sacramento
1854 979 2006 1040 jurati
2052 981 2214 1029 dicunt
2261 985 2383 1046 quod

463 1050 613 1098 forum
661 1052 720 1099 de
760 1053 981 1117 Brechyn
1023 1056 1092 1104 ita
1131 1057 1278 1106 libere
1319 1064 1367 1108 et
1415 1062 1573 1124 quiete
1614 1063 1839 1112 usitatum
1873 1066 1964 1115 fuit
1998 1067 2047 1115 in
2082 1070 2295 1119 omnibus
2334 1075 2383 1119 et

464 1138 660 1202 singulis
693 1142 904 1190 emendis
939 1147 988 1192 et
1023 1146 1281 1195 uendendis
1314 1151 1525 1212 tempore
1562 1153 1794 1214 quondam
1831 1153 1946 1202 dicti
1994 1156 2139 1219 Regis
2185 1158 2383 1207 Roberti

463 1228 586 1276 sicut
617 1229 846 1278 usitatum
881 1235 953 1280 est
990 1233 1119 1281 dicto
1151 1239 1363 1299 tempore
1399 1238 1691 1300 cognitionis.
1763 1241 1828 1288 Et
1865 1243 1987 1305 quod
2023 1244 2198 1292 dictum
2232 1246 2382 1294 forum

462 1316 630 1366 melius
664 1322 714 1366 et
748 1319 900 1368 maius
922 1320 1013 1368 fuit
1048 1322 1095 1369 in
1120 1323 1334 1372 omnibus
1357 1325 1648 1376 venabilibus
1670 1327 1751 1375 illo
1773 1332 1984 1392 tempore
2010 1332 2123 1380 dicti
2148 1335 2378 1396 quondam

463 1406 642 1453 domini
679 1407 827 1470 Regis
873 1408 1074 1457 Roberti
1110 1427 1249 1474 quam
1285 1412 1378 1460 isto
1412 1417 1624 1477 tempore
1659 1416 1938 1478 cognitionis
1972 1420 2252 1482 supradicte.
2323 1423 2383 1470 In

463 1495 596 1543 cuius
618 1496 687 1543 rei
704 1496 1028 1544 testimonium
1050 1498 1204 1560 sigilla
1221 1502 1526 1562 quorumdam
1551 1502 1630 1565 qui
1655 1503 1780 1551 dicte
1795 1506 2049 1567 cognitioni
2073 1508 2383 1558 interfuerunt

461 1584 760 1647 presentibus
783 1589 892 1633 sunt
916 1601 1138 1650 appensa.
1209 1590 1334 1635 Acta
1357 1593 1407 1636 et
1431 1590 1543 1637 data
1570 1589 1674 1638 loco
1697 1592 1910 1654 predicto
1934 1594 2114 1643 decimo
2136 1597 2284 1645 tercio
2309 1599 2382 1646 die

462 1673 710 1721 Februarii
732 1689 856 1722 anno
878 1675 1030 1737 gratie
1053 1675 1302 1725 millesimo
1325 1678 1658 1745 trecentesimo
1682 1681 1973 1742 sexagesImo
1997 1687 2164 1746 quarto
2191 1713 2199 1721 ·

463 1884 654 1932 Creatio
679 1885 737 1932 de
763 1886 972 1934 Lethnot
996 1887 1043 1934 in
1067 1888 1350 1950 prebendam
1378 1917 1388 1927 ·

375 2034 438 2083 17
472 2008 759 2090 Uniuersis
795 2046 960 2090 sancte
1002 2043 1167 2091 matris
1205 2043 1402 2092 ecclesie
1442 2043 1550 2092 filiis
1584 2045 1644 2091 ad
1680 2060 1874 2108 quorum
1909 2047 2108 2095 noticias
2141 2053 2381 2110 presentes

461 2127 599 2176 litere
621 2130 925 2193 peruenerint
951 2130 1222 2194 Stephanus
1257 2131 1350 2178 Dei
1384 2132 1538 2194 gratia
1561 2132 1806 2195 episcopus
1831 2133 2160 2183 Brechinensis
2183 2134 2380 2183 salutem

461 2217 509 2264 in
534 2218 739 2266 omnium
759 2218 1011 2268 saluatore.
1077 2219 1195 2266 Cum
1219 2219 1378 2267 omnia
1393 2220 1503 2282 jura
1526 2219 1685 2268 diuina
1707 2220 1885 2283 pariter
1907 2225 1956 2268 et
1980 2221 2182 2269 humana
2205 2223 2377 2270 cultum

461 2306 671 2354 diuinum
717 2307 848 2355 licite
895 2306 1214 2371 ampliandum
1260 2307 1551 2370 augmentari
1599 2308 1878 2356 desiderent.
1964 2309 2029 2356 Et
2083 2326 2175 2358 non
2230 2310 2378 2358 solum

460 2396 873 2458 augmentantibus
908 2411 1068 2444 verum
1104 2396 1249 2444 etiam
1282 2395 1574 2458 augmentari
1609 2396 1967 2458 procurantibus
2000 2397 2126 2460 pium
2159 2398 2221 2445 sit
2244 2399 2380 2445 meri-

458 2485 633 2532 torium
671 2489 721 2533 et
761 2484 1014 2533 laudabile.
1103 2483 1344 2532 Noueritis
1384 2500 1469 2532 nos
1510 2485 1568 2531 de
1609 2487 1657 2531 et
1704 2499 1808 2531 cum
1855 2486 2086 2531 communi
2126 2491 2288 2534 mutuo
2329 2491 2377 2534 et

459 2573 668 2621 unanimi
709 2588 939 2621 consensu
976 2576 1026 2620 et
1071 2587 1266 2620 assensu
1303 2571 1498 2634 capituli
1535 2571 1684 2619 nostri
1724 2571 1886 2619 habito
1931 2588 2070 2635 super
2115 2573 2204 2620 hoc
2249 2574 2376 2637 prius

458 2661 686 2725 solempni
726 2665 776 2709 et
816 2659 1053 2724 frequenti
1076 2664 1287 2708 tractatu
1322 2659 1369 2705 in
1398 2660 1560 2707 eodem
1585 2663 1745 2706 nostro
1770 2659 1975 2722 capitulo
1999 2660 2194 2708 ecclesie
2218 2667 2374 2710 nostre

457 2750 506 2797 in
529 2750 618 2797 hoc
642 2749 851 2798 utilitate
889 2753 938 2796 et
972 2748 1222 2796 honestate
1258 2747 1468 2811 pensatis
1497 2747 1751 2794 accedente
1774 2747 1915 2794 etiam
1941 2749 2001 2794 ad
2025 2748 2112 2795 hoc
2137 2749 2374 2798 voluntate

457 2853 689 2886 consensu
730 2841 779 2885 et
817 2841 982 2900 rogatu
1019 2835 1214 2899 speciali
1255 2835 1425 2883 nobilis
1465 2835 1551 2882 viri
1591 2839 1639 2882 et
1673 2834 1880 2897 potentis
1915 2835 2089 2882 domini
2124 2835 2280 2883 Dauid
2318 2839 2374 2884 de

458 2927 684 2989 Lyndsay
720 2925 886 2973 militis
923 2924 1099 2972 domini
1140 2925 1197 2971 de
1236 2923 1444 2972 Glenesk
1481 2922 1577 2971 veri
1615 2926 1663 2970 et
1699 2922 1918 2984 legittimi
1955 2924 2141 2985 patroni
2178 2925 2373 2974 ecclesie

458 3013 742 3078 parochialis
788 3014 847 3060 de
895 3013 1106 3060 Lethnot
1151 3015 1310 3060 nostre
1356 3011 1610 3059 dioeceseos
1655 3011 1702 3057 in
1747 3011 1909 3057 eadem
1956 3015 2117 3058 nostra
2174 3013 2371 3061 ecclesia

459 3101 734 3151 Cathedrali
782 3100 1089 3148 Brechinensi
1129 3099 1388 3162 predictam
1427 3098 1673 3146 ecclesiam
1713 3097 2023 3161 parochialem
2068 3099 2125 3145 de
2168 3099 2372 3148 Lethnot

459 3207 644 3240 creasse
678 3190 965 3254 prebendam
999 3187 1240 3252 perpetuis
1274 3186 1444 3234 futuris
1467 3186 1756 3249 temporibus
1779 3185 2096 3232 induraturam
2122 3187 2206 3234 sub
2231 3189 2372 3236 certis

458 3282 609 3329 forma
632 3284 681 3328 et
705 3279 845 3327 modo
869 3277 1064 3325 inferius
1089 3275 1329 3324 annotatis
1352 3274 1571 3322 videlicet
1607 3274 1729 3336 quo‘d
1755 3273 2031 3336 quicumque
2055 3290 2138 3336 pro
2163 3278 2369 3337 tempore
