2950 3970
643 629 1108 685 REGISTRUM
1146 631 1680 688 EPISOOPATUS
1721 634 2303 693 BRECHINENSIS.
2352 639 2420 696 17

502 816 640 864 feodo
674 833 861 864 exnunc
908 818 1052 865 etiam
1099 819 1194 867 sint
1240 820 1392 869 saisiti
1439 837 1488 870 se
1534 823 1762 870 tenebunt
1807 839 1891 886 per
1937 824 2091 871 omnia
2138 829 2185 872 et
2234 826 2426 874 firmiter

503 904 847 968 imperpetuum
892 906 1186 955 adherebunt
1243 911 1451 972 presenti
1509 911 1697 974 penitus
1748 912 2057 959 conuentione
2111 913 2288 961 relicta.
2359 914 2423 962 Et

501 993 683 1041 subicio
718 1010 792 1041 me
828 997 877 1042 et
910 994 1109 1043 heredes
1145 1012 1272 1045 meos
1306 1001 1457 1046 totam
1492 1002 1665 1047 terram
1692 1015 1844 1046 meam
1881 1000 1939 1046 de
1978 999 2102 1048 Dwn
2116 1012 2124 1064 J
2138 1002 2422 1049 antedictam

493 1082 812 1143 jurisdictioni
849 1083 1025 1130 domini
1060 1083 1267 1148 episcopi
1304 1086 1633 1135 Brechinensis
1669 1091 1717 1134 et
1753 1087 1938 1134 officiali
1984 1087 2189 1136 eiusdem
2226 1090 2304 1151 qui
2339 1106 2422 1152 pro

501 1174 714 1233 tempore
736 1171 880 1219 fuerit
904 1171 952 1218 in
976 1172 1065 1219 hoc
1090 1187 1202 1220 casu
1238 1177 1290 1221 ut
1324 1175 1506 1237 possint
1541 1191 1614 1222 me
1647 1175 1934 1238 heredesque
1959 1192 2087 1224 meos
2110 1178 2170 1223 ad
2192 1178 2420 1239 prefatam

499 1258 787 1307 solucionem
821 1259 1086 1308 faciendam
1120 1265 1332 1324 tempore
1379 1263 1577 1310 durante
1611 1263 1824 1326 predicto
1858 1279 1943 1326 per
1987 1279 2228 1311 censuram
2276 1265 2423 1312 ecole-

499 1347 741 1396 siasticam
781 1348 1047 1396 cohercere.
1115 1349 1177 1396 In
1217 1349 1349 1397 cuius
1398 1350 1466 1397 rei
1511 1350 1832 1398 testimonium
1873 1350 2071 1412 sigillum
2119 1368 2270 1398 meum
2318 1369 2422 1415 pre-

498 1436 713 1486 sentibus
745 1437 954 1501 apposui.
1025 1437 1205 1485 Datum
1241 1435 1365 1501 apud
1402 1437 1675 1502 Edinburgh
1717 1438 1898 1485 decimo
1933 1442 2102 1486 octauo
2137 1440 2212 1486 die
2246 1441 2419 1488 mensis

501 1525 783 1574 Nouembris
805 1541 929 1574 anno
948 1525 1147 1574 Domini
1165 1525 1412 1574 millesimo
1430 1526 1759 1574 trecentesimo
1783 1525 2086 1588 sexagesimo.

445 1748 474 1776 ἐκ
501 1726 648 1785 Carta
672 1737 874 1785 Roberti
899 1738 956 1784 de
983 1737 1200 1799 Erskyne
1226 1737 1284 1783 de
1309 1737 1488 1785 duabus
1511 1735 1784 1799 capellaniis
1810 1740 1898 1783 etc.

412 1903 474 1949 14
509 1861 781 1942 Omnibus
820 1893 911 1940 hoc
951 1892 1178 1956 scriptum
1219 1892 1387 1940 visuris
1420 1891 1495 1939 vel
1529 1892 1761 1940 audituris
1785 1927 1796 1938 .
1834 1891 2070 1939 Robertus
2104 1893 2161 1938 de
2199 1892 2412 1954 Erskyne

497 1981 714 2030 dominus
737 1982 947 2029 eiusdem
983 1985 1032 2029 et
1066 1981 1262 2029 baronie
1298 1982 1355 2028 de
1381 1980 1493 2027 Dun
1517 1979 1715 2028 salutem
1752 1980 1799 2026 in
1835 1980 2021 2027 domino
2049 1979 2375 2042 sempiternam
2403 2016 2413 2025 .

500 2070 743 2119 Noueritis
767 2085 841 2118 me
877 2070 935 2117 de
959 2073 1008 2118 et
1034 2085 1138 2117 cum
1163 2085 1392 2118 consensu
1430 2072 1479 2116 et
1514 2083 1705 2116 assensn
1739 2083 1795 2114 ac
1830 2066 2022 2114 licentia
2045 2067 2238 2130 speciali
2263 2067 2417 2114 excel-

496 2158 745 2207 lentissimi
785 2158 1013 2222 principis
1054 2162 1103 2206 et
1151 2157 1328 2205 domini
1375 2157 1468 2204 mei
1509 2156 1683 2203 domini
1726 2155 1883 2202 Dauid
1931 2155 2024 2202 Dei
2068 2155 2220 2217 gratia
2272 2155 2415 2216 Reg1s

498 2248 770 2296 Scottorum
795 2246 992 2296 illustris
1026 2264 1111 2311 pro
1135 2246 1288 2295 salute
1324 2245 1478 2293 anime
1514 2260 1616 2291 mee
1651 2247 1699 2291 et
1734 2243 1886 2290 anime
1911 2242 2144 2290 Cristiane
2169 2244 2226 2290 de
2263 2243 2412 2290 Keith

497 2351 666 2400 sponse
699 2353 804 2384 mee
840 2341 889 2384 et
935 2336 1090 2384 anime
1137 2335 1370 2399 quondam
1408 2332 1642 2380 Beatricis
1687 2331 1895 2393 coniugis
1940 2347 2055 2378 mee.
2126 2331 2318 2378 Necnon
2365 2335 2413 2378 et

495 2441 582 2488 pro
616 2425 770 2473 salute
817 2425 1078 2473 animarum
1122 2423 1271 2487 patris
1310 2422 1401 2469 mei
1440 2425 1488 2468 et
1535 2420 1699 2467 matris
1739 2435 1841 2466 mee
1877 2419 2172 2481 omniumque
2209 2419 2409 2466 fidelium

497 2514 824 2562 defunctorum
849 2514 1034 2562 dedisse
1071 2511 1358 2560 concessisse
1382 2514 1430 2557 et
1465 2509 1556 2556 hiis
1579 2508 1729 2555 literis
1753 2507 2090 2570 imperpetuum
2117 2507 2411 2554 confirmasse

497 2603 678 2651 duobus
724 2601 982 2666 capellanis
1034 2601 1196 2648 diuina
1237 2598 1583 2647 celebrantibus
1630 2601 1677 2643 et
1724 2596 2061 2659 imperpetuum
2109 2595 2411 2642 celebraturis

496 2707 582 2754 pro
605 2691 781 2740 salubri
805 2695 937 2739 statu
959 2690 1052 2737 mei
1077 2693 1126 2736 et
1150 2703 1355 2735 meorum
1381 2686 1601 2733 heredum
1639 2685 1746 2730 dum
1771 2683 2023 2730 vixerimus
2057 2686 2106 2730 et
2140 2699 2223 2745 pro
2258 2683 2412 2729 anima

495 2796 603 2827 mea
642 2784 691 2827 et
732 2779 977 2827 animabus
1017 2778 1224 2841 ipsorum
1271 2791 1375 2823 cum
1415 2789 1500 2821 nos
1540 2772 1735 2834 migrare
1777 2770 2023 2832 contigerit
2069 2771 2127 2816 ab
2173 2771 2261 2817 hac
2306 2770 2408 2817 luce

496 2874 640 2932 atque
677 2885 762 2932 pro
810 2868 1055 2915 animabus
1101 2868 1346 2929 parentum
1394 2877 1599 2910 meorum
1646 2864 1695 2907 et
1741 2859 1942 2906 omnium
1989 2858 2300 2920 predictorum
2348 2860 2406 2905 ad

495 2958 647 3006 altare
684 2959 823 3006 beate
862 2956 1016 3004 Marie
1059 2953 1267 3016 Virginis
1301 2952 1348 2998 in
1384 2949 1582 2998 ecclesia
1616 2945 1886 2994 Cathedrali
1922 2944 2225 2992 Brechinensi
2260 2949 2407 2992 totam

496 3048 626 3095 illam
663 3050 930 3111 propartem
966 3042 1158 3091 baronie
1186 3043 1243 3089 de
1268 3039 1439 3087 Dunde
1474 3041 1572 3085 tam
1607 3035 1728 3082 infra
1761 3034 1954 3095 burgum
1978 3049 2114 3095 quam
2151 3037 2287 3081 extra
2310 3038 2406 3080 tam

496 3137 544 3183 in
585 3152 741 3184 annuo
781 3134 970 3182 redditu
1007 3147 1145 3196 quam
1182 3130 1230 3176 in
1269 3133 1398 3176 terra
1434 3139 1700 3174 concessam
1735 3121 1876 3169 michi
1910 3121 2156 3168 heredibus
2202 3121 2316 3168 meis
2362 3126 2408 3168 et

496 3225 747 3288 assignatis
797 3222 1163 3286 quibuscumque
1221 3217 1365 3265 eciam
1426 3217 1607 3262 mortue
1665 3209 1820 3258 manui
1876 3225 1960 3272 per
2011 3208 2245 3255 dominum
2302 3223 2406 3255 nos-

494 3320 619 3363 trum
671 3329 825 3376 regem
881 3310 1171 3359 antedictum
1229 3306 1350 3354 sicut
1408 3306 1540 3409 ngtet
1586 3316 1670 3363 per
1714 3314 1843 3347 suam
1891 3300 2067 3344 cartam
2115 3295 2254 3341 michi
2300 3294 2405 3341 inde
