2950 3970
619 608 1085 665 REGISTRUM
1122 610 1660 668 EPISOOPATUS
1701 614 2288 674 BREOHINENSIS.
2327 618 2398 676 27

474 796 591 844 dicti
630 825 639 833 ·
679 825 688 834 ·
729 825 738 834 ·
775 813 896 860 pape
919 798 1236 846 tertiodecimi
1271 815 1394 847 anno
1430 801 1611 849 decimo
1635 806 1772 850 sexto
1811 831 1820 840 ·
1859 832 1868 840 ·
1908 831 1917 841 ·
1953 804 2259 867 personaliter
2281 821 2389 852 con-

473 884 672 934 stitutus
710 913 720 922 ·
759 886 1068 935 Reuerendus
1105 887 1153 934 in
1189 887 1346 935 Cristo
1381 893 1518 951 pater
1557 890 1770 938 dominus
1810 891 2050 940 Walterus
2089 893 2392 955 permissione

475 972 636 1021 diuina
671 973 1007 1022 Brechinensis
1047 974 1311 1039 Episcopus
1344 975 1393 1023 in
1427 976 1632 1040 capitulo
1670 978 1955 1027 cathedralis
1994 978 2191 1028 ecclesie
2226 981 2392 1028 sedens

475 1069 583 1109 cum
603 1061 840 1110 nonnullis
859 1063 917 1109 de
934 1063 1172 1111 canonicis
1191 1063 1288 1112 suis
1306 1065 1636 1127 superveniens
1652 1065 1823 1114 nobilis
1840 1067 1911 1113 vir
1927 1066 2174 1115 Duthacu's
2198 1069 2255 1115 de
2279 1068 2392 1115 Car-

472 1165 594 1213 negy
618 1166 739 1198 unus
764 1150 1056 1218 dominorum
1094 1151 1152 1198 (16
1192 1151 1451 1213 Kynnarde
1480 1152 1624 1213 juxta
1650 1154 1948 1201 Kuikstoune
1986 1182 1996 1191 ·
2034 1156 2099 1202 Et
2122 1160 2227 1218 post
2251 1155 2387 1217 plura

472 1239 634 1287 locuta
656 1238 782 1287 inter
804 1239 931 1303 ipsos
955 1255 1100 1302 penes
1129 1241 1378 1302 quamdam
1414 1239 1680 1288 libertatem
1721 1257 1858 1303 quam
1883 1242 1982 1304 ipse
2017 1242 2264 1290 Duthacus
2287 1259 2391 1306 pre-

471 1327 701 1375 tendebat
724 1343 775 1375 se
797 1327 972 1375 habere
997 1327 1045 1373 in
1068 1341 1200 1374 moro
1225 1328 1282 1373 de
1308 1327 1542 1375 Fernwell
1579 1328 1814 1391 Episcopo
1851 1333 2088 1376 asserente
2126 1330 2274 1392 ipsum
2300 1330 2392 1378 n'on

471 1417 646 1464 habere
691 1416 839 1464 talem
875 1415 1144 1464 libertatem
1185 1443 1194 1452 ·
1234 1414 1558 1477 Interrogauit
1594 1416 1809 1464 dominus
1855 1416 2098 1479 episcopus
2132 1418 2392 1479 predictum

473 1506 746 1554 Duthacum
769 1505 810 1553 si
835 1504 1056 1567 cognouit
1079 1507 1162 1551 aut
1187 1503 1327 1551 sciuit
1352 1504 1475 1566 quod
1493 1503 1685 1550 fundum
1710 1503 1835 1551 illius
1857 1504 1973 1550 mori
1998 1504 2087 1551 fuit
2111 1505 2316 1567 episcopi
2341 1509 2389 1552 et

471 1594 670 1643 ecclesie
695 1593 1028 1641 Brechinensis
1065 1620 1075 1630 ·
1113 1592 1388 1655 Respondet
1413 1593 1535 1654 quod
1570 1591 1631 1639 sit
1666 1607 1754 1638 nec
1784 1591 1975 1638 fundum
1999 1592 2059 1638 ad
2083 1607 2133 1639 se
2157 1592 2389 1655 pertinere

471 1683 696 1732 clamauit
712 1683 796 1731 sed
815 1682 1066 1746 quamdam
1083 1680 1354 1728 libertatem
1372 1680 1419 1727 111
1438 1694 1570 1726 moro
1588 1707 1597 1716 -
1623 1679 1774 1742 Super
1787 1694 1878 1742 quo
1895 1694 2114 1742 responso
2131 1679 2229 1741 ipse
2246 1680 2390 1726 domi-

470 1789 559 1821 11116
577 1773 824 1836 episcopus
841 1788 871 1818 a
888 1786 964 1818 me
988 1769 1173 1818 notario
1188 1768 1376 1832 publico
1396 1772 1445 1815 61
1459 1767 1564 1815 aliis
1587 1767 1783 1814 notariis
1800 1770 1912 1813 tunc
1936 1767 2227 1829 presentibus
2251 1767 2390 1814 infra-

470 1861 660 1925 scriptis
683 1859 871 1908 nomine
890 1875 974 1907 suo
1000 1862 1051 1905 et
1074 1857 1271 1904 ecclesie
1305 1855 1448 1919 peciit
1483 1853 1718 1918 publicum
1757 1854 2114 1901 instrumentum
2151 1870 2290 1900 unum
2315 1854 2387 1901 vel

470 1950 607 2014 plura
633 1978 642 1987 ·
670 1949 803 1997 Acta,
819 1948 1009 1995 fuerunt
1023 1946 1112 1994 hec
1130 1945 1178 1992 in
1198 1944 1404 2008 capitulo
1422 1942 1635 2006 predicto
1653 1958 1774 1989 anno
1794 1942 1869 1989 die
1886 1958 2043 1990 mense
2062 1942 2314 1989 indictione
2339 1947 2386 1990 et

469 2038 747 2103 pontificatu
787 2035 1015 2100 predictis
1058 2034 1280 2082 Testibus
1322 2030 1663 2079 venerabilibus
1704 2034 1753 2078 et
1795 2030 2025 2078 nobilibus
2061 2030 2170 2076 viris
2202 2030 2387 2077 domino

471 2127 735 2176 Cuthberto
777 2126 836 2172 (16
875 2123 1109 2172 Brechine
1148 2123 1326 2168 decano
1363 2119 1545 2183 prefate
1581 2118 1774 2181 ecclesie
1815 2117 2091 2164 Alexandro
2128 2118 2185 2164 de
2218 2117 2385 2180 Ogiluy

469 2216 658 2265 domino
683 2216 742 2262 de
767 2212 1109 2261 Ouchtirhouss
1132 2208 1407 2257 vicecomite
1433 2208 1490 2254 de
1517 2207 1703 2268 Anguss
1740 2206 1924 2252 domino
1949 2205 2162 2253 Gilberto
2187 2207 2386 2254 Browne

468 2308 662 2352 cantore
687 2303 898 2350 eiusdem
923 2299 1121 2348 ecclesie
1140 2297 1362 2359 magistro
1383 2295 1541 2342 Dauid
1566 2295 1624 2341 de
1649 2294 1786 2355 Idwy
1808 2293 2137 2340 archidiacono
2162 2294 2384 2340 Brechin-

466 2393 567 2442 ensi
589 2391 814 2455 magistro
839 2390 1019 2437 Thoma
1045 2385 1151 2434 Bell
1175 2384 1348 2432 vicario
1378 2384 1434 2430 de
1473 2382 1715 2429 Murrouss
1752 2381 1995 2428 licentiato
2019 2381 2066 2427 in
2083 2381 2188 2442 jure
2214 2396 2383 2428 canon-

467 2481 542 2528 ico
577 2478 766 2528 officiali
811 2475 1118 2525 Brechinensi
1145 2471 1407 2519 *Willelmo
1443 2471 1499 2517 (16
1536 2470 1751 2516 Fentoun
1795 2469 2014 2515 Johanne
2061 2469 2118 2514 de
2166 2468 2380 2515 Seittone

469 2568 658 2616 domino
682 2568 716 2614 J
720 2567 904 2615 ohanne
931 2561 1155 2611 Brekbell
1179 2559 1435 2623 capellanis
1459 2562 1507 2605 et
1531 2557 1727 2605 notariis
1750 2555 1947 2619 publicis
1970 2559 2019 2603 et
2043 2554 2147 2603 aliis
2180 2555 2386 2618 pluribus

466 2657 671 2705 testibus
707 2656 768 2703 ad
805 2653 1034 2718 premissa
1071 2649 1249 2697 vocatis
1285 2652 1333 2694 et
1368 2645 1604 2709 requisitis
1641 2673 1650 2682 ·
1688 2644 1752 2692 Et
1791 2659 1875 2705 ego
1908 2643 2144 2691 Robertus
2168 2643 2378 2704 Barberij

467 2744 701 2809 presbiter
719 2739 1070 2791 Aberdonensis
1103 2738 1355 2785 dioeceseos
1379 2733 1591 2798 publicus
1615 2730 1842 2795 imperiali
1866 2730 2119 2778 autoritate
2143 2730 2351 2778 notarius
2372 2758 2380 2768 ·

471 2834 614 2900 [em]
636 2862 645 2872 .
