2950 3970
513 635 582 688 18
687 633 1149 689 REGISTRUM
1189 630 1727 688 EPISCOPATUS
1767 631 2358 688 BRECHINENSIS.

510 822 787 869 confectam.
859 823 1131 870 Tenendam
1173 825 1222 869 et
1257 821 1518 869 habendam
1569 820 1747 868 eisdem
1793 819 2050 883 capellanis
2097 821 2440 885 imperpetuum

514 911 830 973 computando
866 910 1086 958 videlicet
1110 925 1315 957 annuum
1340 908 1576 956 redditum
1611 907 1659 954 in
1695 907 1841 970 burgo
1864 909 1923 956 de
1959 908 2134 957 Dunde
2169 925 2256 974 pro
2279 910 2443 957 decem

517 999 690 1047 marcis
734 997 1076 1061 sterlingorum.
1170 998 1235 1045 Et
1280 997 1478 1045 terciam
1525 998 1710 1060 partem
1756 998 1884 1044 terre
1935 999 1995 1045 de
2047 998 2314 1046 Petkerach
2359 1013 2446 1061 pro

514 1086 719 1150 quinque
743 1087 914 1134 marcis
937 1085 1178 1133 annuatim
1196 1085 1341 1147 juxta
1363 1085 1511 1148 ipsius
1536 1083 1884 1138 assedationem
1906 1085 2083 1134 factam
2107 1102 2192 1134 seu
2213 1086 2315 1134 fieri
2337 1085 2447 1134 soli-

512 1179 612 1222 tam
630 1174 766 1222 annis
784 1174 1107 1222 communibus
1124 1174 1244 1221 adeo
1262 1173 1409 1221 libere
1427 1172 1566 1236 plene
1589 1171 1770 1234 integre
1787 1176 1837 1221 et
1857 1173 2111 1222 honorifice
2130 1174 2253 1222 sicut
2276 1173 2449 1237 aliquis

513 1279 671 1311 comes
705 1262 779 1310 vel
814 1263 928 1310 baro
962 1262 1093 1325 regni
1129 1262 1295 1310 Scocie
1330 1261 1537 1325 aliquam
1573 1259 1867 1309 elimosinam
1906 1261 2143 1326 aliquibus
2191 1261 2449 1326 capellanis

514 1356 673 1417 potest
697 1352 956 1400 concedere
980 1367 1063 1399 seu
1087 1351 1276 1399 donare.
1347 1350 1413 1398 Et
1445 1350 1494 1397 in
1522 1365 1635 1398 casu
1661 1367 1755 1415 quo
1780 1349 1910 1398 dicta
1932 1350 2084 1399 tercia
2105 1366 2216 1414 pars
2238 1354 2366 1398 terre
2391 1350 2449 1398 de

518 1441 782 1489 Petkerach
820 1456 905 1503 per
951 1440 1105 1488 dictos
1150 1438 1420 1502 capellanos
1463 1440 1704 1490 mediante
1751 1439 1935 1488 auxilio
1986 1440 2080 1487 mei
2129 1438 2204 1487 vel
2238 1455 2448 1487 meorum

518 1530 744 1577 heredum
785 1528 885 1577 siue
931 1527 1096 1576 balliui
1142 1527 1293 1576 nostri
1350 1527 1544 1576 baronie
1591 1530 1650 1577 de
1697 1529 1810 1577 Dun
1855 1529 1917 1576 ad
1974 1544 2204 1576 summam
2247 1527 2451 1592 quinque

519 1633 781 1665 marcarum
818 1616 1014 1664 extendi
1060 1632 1144 1664 seu
1189 1615 1399 1664 assedari
1437 1633 1531 1665 non
1572 1617 1743 1666 valeat.
1815 1617 1940 1665 Volo
1982 1621 2032 1665 et
2079 1616 2234 1679 obligo
2281 1633 2355 1664 me
2403 1621 2451 1664 et

519 1707 717 1754 heredes
757 1721 887 1753 meos
924 1706 984 1752 ad
1030 1703 1341 1768 supplendum
1380 1705 1438 1752 de
1479 1706 1624 1754 firmis
1661 1705 1778 1754 meis
1824 1705 1951 1753 dicte
1998 1705 2191 1754 baronie
2237 1706 2296 1752 de
2341 1705 2451 1753 Dun

520 1793 942 1858 proporcionaliter
998 1794 1059 1840 ad
1118 1794 1235 1841 duos
1289 1793 1400 1840 anni
1445 1793 1674 1842 terminos
1718 1794 1963 1842 annuatim
2009 1793 2151 1842 dictis
2197 1793 2453 1857 capellanis

524 1883 744 1947 quicquid
771 1883 840 1931 eis
873 1882 1082 1930 deficerit
1107 1882 1165 1929 de
1190 1897 1373 1930 summa
1396 1882 1601 1945 quinque
1624 1897 1887 1930 marcarum
1910 1882 2229 1945 predictarum
2252 1881 2301 1930 in
2326 1882 2454 1930 dicta

521 1977 652 2020 terra
686 1972 744 2019 de
780 1970 1062 2019 Petkerach.
1136 1970 1363 2017 Preterea
1392 1969 1499 2018 volo
1523 1971 1648 2033 qnod
1684 1970 1800 2018 dicti
1824 1969 2058 2033 capellani
2081 1970 2302 2018 intersint
2326 1986 2452 2018 com·

521 2060 727 2108 muniter
760 2058 976 2107 omnibus
1010 2057 1183 2106 diuinis
1217 2057 1430 2106 seruiciis
1463 2058 1512 2105 in
1547 2058 1734 2121 prefata
1768 2057 1971 2107 ecclesia
2005 2057 2296 2107 celebrandis
2327 2059 2455 2107 vide-

522 2150 636 2198 licet
660 2148 816 2197 missis
849 2146 1097 2195 matutinis
1131 2146 1339 2208 vesperis
1373 2150 1422 2194 et
1457 2145 1564 2194 aliis
1587 2145 1714 2195 horis
1749 2146 1988 2194 canonicis
2011 2145 2134 2195 sicut
2169 2150 2219 2195 et
2254 2147 2454 2195 stallarii

523 2239 606 2287 alii
630 2238 756 2286 dicte
780 2235 978 2285 ecclesie
1002 2235 1230 2284 interesse
1253 2238 1476 2282 tenentur
1510 2238 1559 2282 et
1595 2236 1643 2281 in
1678 2234 1845 2282 habitu
1869 2233 2100 2283 consimili
2134 2250 2240 2283 cum
2264 2235 2455 2284 eisdem.

525 2329 606 2376 Ita
628 2331 789 2376 tamen
813 2325 937 2389 quod
962 2323 1103 2371 iidem
1129 2322 1361 2386 capellani
1394 2338 1490 2370 non
1523 2322 1638 2370 fiant
1663 2322 1983 2370 ebdomadarii
2019 2322 2067 2370 in
2103 2323 2232 2371 dicta
2257 2323 2457 2374 ecclesia

526 2433 614 2464 nec
651 2418 903 2463 arceantur
943 2413 1003 2460 ad
1044 2412 1233 2460 missam
1275 2410 1483 2474 aliquam
1524 2410 1856 2458 celebrandum
1897 2410 1946 2458 in
1987 2411 2091 2474 ipsa
2130 2411 2327 2460 ecclesia
2372 2417 2456 2461 aut

527 2510 665 2554 extra
699 2507 998 2568 preterquam
1033 2501 1094 2548 ad
1129 2500 1378 2548 dicendum
1413 2499 1582 2547 missas
1616 2515 1726 2548 suas
1759 2499 1820 2546 ad
1856 2499 2091 2562 prefatum
2132 2499 2283 2548 altare
2319 2501 2457 2549 beate

533 2594 687 2641 Marie
711 2593 834 2641 sicut
869 2605 1022 2653 supra.
1094 2588 1217 2636 Volo
1241 2588 1391 2635 eciam
1415 2588 1540 2651 quod
1575 2587 1947 2650 quandocunque
1983 2591 2032 2635 et
2056 2588 2457 2653 quotienscunque

533 2680 783 2744 contigerit
825 2679 978 2726 dictos
1019 2675 1288 2740 capellanos
1327 2675 1402 2723 vel
1442 2691 1602 2723 eorum
1640 2675 1842 2723 alterum
1883 2676 1932 2722 in
1970 2675 2072 2723 fata
2112 2677 2338 2725 decedere
2386 2678 2457 2726 vel

533 2770 773 2819 discedere
797 2771 879 2815 aut
915 2782 977 2814 ex
1011 2780 1155 2814 causa
1181 2763 1451 2813 rationabili
1486 2763 1695 2812 amoueri
1730 2763 1937 2827 ipsorum
1972 2780 2055 2812 seu
2090 2765 2238 2828 ipsius
2272 2782 2459 2829 presen-

529 2859 653 2908 tatio
688 2858 749 2904 ad
783 2872 858 2903 me
895 2859 944 2903 et
978 2854 1176 2902 heredes
1199 2868 1330 2901 meos
1363 2868 1479 2916 pure
1502 2852 1740 2915 pertineat
1770 2851 2126 2916 imperpetuum.
2198 2855 2264 2902 Et
2298 2855 2338 2904 si
2373 2873 2459 2919 per

533 2963 675 2996 unum
710 2960 914 2993 mensem
951 2959 981 2990 a
1013 2946 1226 3005 tempore
1250 2940 1512 2989 vacationis
1544 2941 1779 3003 ydoneum
1813 2939 1888 2988 vel
1920 2941 2131 3003 ydoneos
2165 2943 2458 3005 capellanum

534 3036 609 3084 vel
631 3033 899 3097 capellanos
934 3032 994 3079 ad
1030 3046 1174 3093 supra
1207 3030 1336 3077 dicta
1370 3028 1572 3078 seruicia
1597 3029 1786 3077 domino
1809 3029 2030 3092 episcopo
2055 3031 2362 3082 Brechinensi
2385 3034 2459 3082 vel

538 3127 716 3172 decano
757 3125 805 3169 et
847 3117 1055 3183 capitulo
1097 3118 1306 3167 eiusdem
1343 3118 1455 3166 sede
1495 3121 1695 3166 vacante
1734 3133 1829 3165 non
1868 3122 2203 3181 presentauero
2242 3137 2326 3171 seu
2366 3139 2459 3171 non

537 3210 913 3278 presentauerint
959 3224 1020 3255 ex
1066 3213 1180 3254 tunc
1214 3206 1357 3254 liceat
1393 3206 1521 3254 dicto
1557 3205 1745 3254 domino
1790 3205 2010 3269 episcopo
2056 3211 2139 3256 aut
2186 3209 2365 3258 decano
2411 3217 2459 3259 et

539 3299 745 3364 capitulo
769 3299 879 3347 sede
903 3300 1102 3344 vacante
1136 3296 1345 3358 ydoneos
1378 3294 1453 3343 vel
1486 3295 1721 3357 ydoneum
1757 3294 2025 3358 capellanos
2060 3295 2132 3344 vel
2167 3298 2460 3361 capellanum
