2950 3970
527 627 635 680 160
695 627 1161 689 REGISTRUM
1198 632 1742 691 EPISOOPATUS
1782 634 2378 691 BRECHINENSIS.

524 814 725 865 articulo
742 817 932 879 juratus
957 820 1074 868 dicit
1099 823 1223 884 quod
1248 822 1412 885 viginti
1437 827 1662 886 quattuor
1684 840 1834 874 annos
1856 825 2077 888 cognouit
2115 853 2124 863 ·
2159 825 2361 872 Juratus
2385 836 2461 871 su-

522 919 607 966 per
628 908 835 955 secundo
858 908 1059 957 articulo
1078 909 1194 958 dicit
1219 911 1342 974 quod
1364 909 1508 976 [non]
1530 917 1758 961 venerunt
1782 913 1865 961 sed
1890 929 1983 977 qua
2005 914 2065 961 de
2089 928 2233 962 causa
2255 912 2407 960 nescit
2446 939 2455 947 ·

520 993 554 1039 J
558 997 722 1043 uratus
748 1011 892 1060 super
914 998 1059 1046 tertio
1083 999 1200 1046 dicit
1224 999 1348 1064 quod
1372 999 1615 1048 soluerunt
1650 1001 1982 1049 archidiacono
2005 1005 2054 1049 et
2077 1001 2238 1048 Dauid
2262 1001 2458 1048 Forster

521 1082 623 1131 eius
645 1083 832 1132 nomine
870 1113 881 1123 ·
919 1085 994 1133 De
1017 1087 1471 1150 sequestrationibus
1505 1089 1658 1137 nescit
1695 1093 1745 1138 et
1786 1091 1845 1138 de
1882 1089 2050 1138 ultimo
2078 1089 2279 1138 articulo
2302 1089 2454 1138 nescit

521 1170 726 1220 Thomas
768 1172 935 1236 dey
975 1175 1120 1223 etatis
1153 1175 1350 1238 triginta
1385 1191 1470 1224 sex
1510 1193 1738 1226 annorum
1774 1179 2092 1242 interrogatus
2128 1193 2269 1242 super
2302 1178 2454 1241 primo

519 1259 720 1308 articulo
743 1265 792 1308 et
823 1262 1011 1323 juratus
1035 1263 1152 1312 dicit
1189 1265 1314 1328 quod
1349 1269 1458 1328 post
1481 1281 1631 1315 annos
1655 1267 1953 1316 discretionis
1977 1267 2197 1330 cognouit
2221 1271 2270 1315 et
2294 1265 2453 1314 villam

519 1352 567 1395 et
607 1348 928 1400 inhabitantes
960 1379 971 1390 ·
1006 1351 1040 1398 J
1046 1356 1208 1401 uratus
1249 1368 1390 1416 super
1429 1355 1636 1402 secundo
1677 1355 1794 1403 dicit
1834 1357 1959 1419 quod
1999 1371 2093 1403 non
2128 1359 2356 1403 venerunt
2391 1356 2452 1403 ad

519 1437 672 1486 curias
712 1453 800 1486 nec
844 1439 1074 1503 capitales
1115 1456 1203 1489 nec
1243 1441 1363 1490 alias
1402 1458 1465 1490 ex
1505 1443 1801 1492 inhibutione
1847 1444 2167 1493 archidiaconi
2206 1473 2216 1482 ·
2251 1445 2285 1491 J
2290 1448 2452 1492 uratus

519 1541 658 1588 super
694 1527 839 1575 tertio
878 1528 993 1576 dicit
1032 1531 1157 1593 quod
1196 1530 1439 1579 soluerunt
1472 1532 1630 1580 firmas
1654 1532 1988 1581 archidiacono
2022 1537 2072 1581 et
2108 1533 2267 1580 Dauid
2293 1532 2451 1581 Fratri

516 1630 601 1662 suo
625 1615 726 1664 eius
762 1616 949 1664 nomine
987 1634 1081 1666 non
1119 1618 1340 1667 obstante
1364 1620 1740 1683 sequestratione
1765 1637 1905 1684 qnam
1929 1621 2070 1670 sciuit
2105 1626 2154 1670 et
2191 1636 2330 1685 quam
2356 1622 2453 1669 vio-

517 1703 734 1751 lauerunt
777 1709 827 1753 et
861 1706 1100 1769 fregerunt
1136 1707 1248 1770 quia
1282 1707 1438 1756 dictus
1469 1707 1677 1757 Thomas
1710 1709 1801 1757 fuit
1839 1710 2085 1758 ordinatus
2125 1714 2285 1758 custos
2326 1709 2451 1758 illius

517 1794 906 1856 sequestrationis
945 1822 955 1833 ·
995 1796 1235 1844 Robertus
1261 1797 1427 1859 dey
1450 1797 1595 1845 etatis
1619 1797 1784 1860 viginti
1808 1801 1918 1846 octo
1942 1814 2168 1846 annorum
2193 1799 2449 1846 concordat

517 1882 563 1928 in
589 1882 803 1931 omnibus
826 1898 932 1930 cum
958 1883 1140 1932 Thema
1165 1884 1332 1947 dey
1356 1885 1563 1933 Thomas
1582 1886 1705 1933 Fute
1724 1886 1869 1935 etatis
1887 1887 2198 1950 quadraginta
2221 1903 2448 1936 annorum

516 1971 830 2033 interrogatus
853 1987 994 2034 super
1015 1972 1167 2035 primo
1201 1973 1403 2021 articulo
1431 1974 1621 2035 juratus
1657 1974 1773 2022 dicit
1799 1976 1921 2039 quod
1947 1977 2110 2024 decem
2134 1992 2283 2025 annos
2319 2005 2329 2014 ·
2368 1977 2449 2024 In-

515 2063 781 2122 terrogatus
804 2076 946 2123 super
967 2062 1175 2108 secundo
1199 2061 1400 2109 articulo
1425 2062 1541 2110 dicit
1566 2063 1691 2126 quod
1726 2078 1820 2110 non
1844 2067 2072 2112 venerunt
2097 2065 2158 2112 ad
2182 2065 2338 2114 curias
2360 2080 2448 2113 nec

515 2148 743 2212 capitales
766 2164 854 2197 nec
877 2148 996 2198 alias
1019 2165 1104 2213 per
1127 2150 1306 2198 dictum
1340 2155 1528 2214 tempus
1565 2178 1576 2189 ·
1613 2151 1942 2215 Interrogatus
1966 2168 2060 2216 qua
2083 2153 2141 2200 de
2165 2168 2308 2202 causa
2331 2154 2448 2202 dicit

513 2238 636 2300 quod
678 2238 1036 2287 archidiaconus
1076 2236 1283 2286 inhibuit
1323 2239 1410 2287 eiis
1448 2267 1458 2277 ·
1496 2239 1825 2302 Interrogatus
1870 2255 2011 2304 super
2055 2242 2200 2290 tertio
2245 2242 2447 2291 articulo

513 2327 628 2375 dicit
656 2327 845 2389 juratus
879 2327 1003 2390 quod
1039 2327 1280 2375 soluerunt
1316 2328 1648 2376 archidiacono
1686 2356 1696 2366 -
1734 2329 2062 2392 Interrogatus
2102 2345 2243 2393 super
2278 2335 2446 2394 quarto

507 2418 694 2478 juratus
718 2416 835 2463 dicit
859 2416 982 2479 quod
1007 2415 1190 2463 audiuit
1226 2415 1413 2464 litteras
1447 2417 1838 2479 sequestrationis
1861 2417 2038 2465 domini
2062 2418 2269 2482 episcopi
2294 2419 2447 2467 diuer-

511 2506 575 2553 sis
598 2504 778 2553 vicibus
801 2503 1030 2568 publicari
1054 2520 1195 2567 super
1216 2504 1448 2552 fructibus
1472 2504 1587 2551 dicti
1621 2505 2033 2554 archidiaconatus
2071 2533 2081 2544 ·
2119 2506 2446 2570 Interrogatus

512 2595 569 2641 de
611 2593 776 2657 quinto
817 2593 932 2640 dicit
971 2593 1095 2656 quod
1131 2592 1276 2640 nichil
1310 2593 1402 2641 scit
1440 2621 1450 2630 ·
1488 2593 1724 2641 Patricius
1759 2592 1917 2642 Gilzat
1954 2595 2098 2643 etatis
2135 2596 2446 2658 quadraginta

510 2697 738 2731 annorum
778 2710 787 2719 ·
825 2681 1154 2744 Interrogatus
1189 2682 1247 2729 de
1283 2681 1434 2744 primo
1469 2680 1669 2728 articulo
1701 2681 1890 2742 juratus
1924 2682 2041 2730 dicit
2076 2685 2200 2746 quod
2225 2685 2445 2747 cognouit

511 2787 595 2833 per
619 2771 876 2818 duodecem
900 2785 1049 2818 annos
1085 2797 1096 2808 ·
1135 2769 1464 2832 Interrogatus
1487 2785 1628 2833 super
1650 2771 1856 2818 secundo
1874 2772 2130 2820 concordat
2157 2773 2205 2819 in
2229 2773 2445 2822 omnibus

510 2875 615 2905 cum
639 2858 854 2920 proximo
877 2861 1002 2906 teste
1026 2858 1310 2921 precedente
1349 2885 1359 2895 ·
1396 2857 1724 2920 Interrogatus
1758 2874 1899 2922 super
1931 2860 2076 2907 tertio
2103 2861 2293 2922 juratus
2328 2862 2444 2910 dicit

511 2947 633 3010 quod
659 2946 1016 2994 archidiaconus
1039 2946 1250 3009 percepit
1286 2946 1444 2994 firmas
1480 2951 1529 2994 et
1567 2947 1724 2994 Dauid
1751 2947 1924 2995 Frater
1945 2963 2057 2996 suus
2081 2948 2183 2997 eius
2205 2951 2394 2998 nomine
2431 2980 2443 2990 ·

510 3038 835 3098 Interrogatus
871 3051 1012 3098 super
1045 3038 1215 3099 quarto
1250 3035 1505 3082 concordat
1541 3050 1646 3082 cum
1682 3036 1965 3098 precedente
1988 3040 2114 3085 teste
2151 3065 2162 3076 ·
2197 3038 2232 3084 J
2235 3038 2443 3088 ohannes

509 3125 740 3186 Glascory
776 3125 920 3173 etatis
954 3125 1266 3188 quadraginta
1300 3139 1527 3170 annorum
1552 3124 1869 3185 interrogatus
1902 3139 2044 3187 super
2066 3125 2218 3188 primo
2240 3126 2441 3175 articulo

500 3216 688 3276 juratus
713 3213 828 3260 dicit
853 3213 976 3276 quod
1002 3228 1087 3275 per
1110 3216 1220 3259 octo
1243 3226 1392 3259 annos
1429 3239 1439 3248 ·
1478 3212 1536 3258 In
1562 3211 1776 3259 omnibus
1810 3210 1916 3260 aliis
1950 3212 2164 3261 articulis
2187 3215 2442 3263 concordat

507 3319 612 3350 cum
637 3301 818 3350 duobus
840 3300 1044 3349 testibus
1067 3300 1430 3364 precedentibus
1469 3327 1477 3336 ν
1513 3299 1547 3346 J
1552 3300 1760 3348 ohannes
1798 3299 2040 3350 Galfridus
2074 3302 2220 3350 etatis
2244 3303 2443 3366 quadra-
