2950 3970
679 633 1143 695 REGISTRUM
1182 642 1720 702 EPISCOPATUS
1761 649 2345 711 BRECHINENSIS.
2397 658 2468 711 83

550 910 914 975 Transumptum
950 915 1249 967 instrumenti
1285 922 1518 983 quondam
1554 923 1588 970 J
1592 923 1807 973 ohannis.
1829 926 2050 973 Brekbell
2087 929 2256 976 notarii
2293 930 2464 992 publici

683 1000 821 1063 quale
844 1004 1093 1053 seruicium
1125 1010 1343 1058 tenentes
1366 1014 1415 1058 et
1438 1010 1525 1058 viri
1549 1010 1870 1062 inhabitantes
1889 1013 2045 1062 villam
2071 1015 2128 1063 de
2155 1016 2464 1079 Kuykstoune

681 1093 903 1139 tenentur
925 1093 1081 1141 facere
1104 1094 1324 1160 episcopo
1349 1098 1655 1149 Brechinensi
1693 1128 1703 1137 ·

457 1261 521 1309 49
557 1233 635 1313 In
658 1267 844 1317 nomine
868 1269 1060 1318 Domini
1085 1271 1243 1320 Amen
1271 1301 1291 1319 .·
1330 1274 1575 1324 Uniuersis
1607 1279 1657 1324 et
1690 1276 1884 1340 singulis
1918 1294 2116 1341 presensv
2132 1279 2369 1342 publicum
2394 1280 2461 1326 in-

545 1357 857 1403 strumentum
881 1357 981 1406 siue
1004 1363 1348 1424 transumptum
1372 1362 1653 1426 inspecturis
1687 1364 1932 1414 Donaldus
1966 1366 2280 1416 Macnachtan
2305 1368 2464 1415 decre-

544 1446 700 1490 torum
737 1445 904 1492 doctor
939 1461 995 1494 ac
1033 1447 1235 1515 decanus
1272 1449 1469 1497 ecclesie
1507 1450 1790 1499 cathedralis
1824 1452 2170 1502 Dunkeldensis
2191 1454 2459 1502 salutem-in

547 1531 752 1580 Domino
778 1561 789 1569 -
816 1533 1058 1584 Noueritis
1077 1537 1201 1598 quod
1217 1538 1500 1586 reuerendus
1517 1538 1566 1584 in
1585 1538 1741 1587 Cristo
1755 1543 1892 1602 pater
1904 1540 1938 1586 J
1942 1541 2148 1589 ohannes
2160 1542 2461 1604 permissione

546 1620 707 1668 diuina
741 1620 989 1686 episcopus
1024 1623 1357 1673 Brechinensis
1390 1626 1623 1688 quoddam
1653 1626 2011 1676 instrumentum
2035 1630 2132 1676 :sub
2164 1629 2313 1677 forma
2346 1631 2462 1693 pub-

543 1708 637 1756 lica
670 1710 913 1758 redactum
937 1711 1070 1773 signo
1103 1712 1291 1760 nomine
1327 1717 1376 1762 et
1410 1714 1751 1777 subscriptione
1782 1715 1816 1761 J
1819 1715 2015 1765 ohannis
2051 1717 2256 1765 Brekbel
2287 1719 2458 1766 notarii

543 1797 719 1860 publici
743 1799 994 1863 subscripti
1022 1799 1258 1862 signatum
1290 1801 1422 1850 cuius
1457 1802 1755 1851 instrumenti
1787 1807 1925 1851 tenor
1947 1805 2138 1853 inferius
2159 1809 2232 1854 est
2258 1806 2459 1854 insertus

543 1902 702 1934 coram
747 1887 884 1936 nobis
928 1887 1145 1941 exhibuit
1185 1893 1234 1936 et
1271 1889 1562 1950 judicialiter
1594 1891 1884 1953 presentauit
1920 1919 1931 1929 -
1969 1919 1979 1930 ·
2017 1919 2028 1930 ·
2061 1897 2227 1956 petens
2263 1921 2273 1931 ·
2311 1921 2321 1931 ·
2360 1922 2370 1931 ·
2407 1900 2458 1942 ut

544 1976 808 2024 huiusmodi
826 1976 1187 2025 instrumentum
1225 2004 1235 2014 ·
1274 2005 1284 2014 ·
1323 2005 1332 2015 ·
1367 1977 1620 2026 transsumi
1658 2005 1667 2015 ·
1706 2005 1716 2015 ·
1755 2005 1765 2016 ·
1798 1979 2011 2026 mandari
2031 1979 2324 2042 dignaremur
2349 2008 2360 2017 ·
2398 2009 2407 2018 -
2445 2008 2456 2018 ·

544 2064 879 2128 Cuiusquidem
913 2064 1423 2132 instrumentistenor]
1449 2066 1659 2129 sequitur
1692 2070 1741 2113 et
1775 2071 1847 2114 est
1882 2066 1992 2115 talis
2027 2094 2037 2105 ·
2074 2067 2132 2114 In
2157 2067 2250 2114 Dei
2272 2069 2456 2115 nomine

545 2153 703 2200 Amen
741 2181 751 2190 ·
789 2152 881 2201 Per
902 2153 992 2201 hoc
1014 2168 1207 2216 presens
1228 2152 1464 2216 publicum
1499 2153 1858 2204 instrumentum
1880 2154 2062 2203 cunctis
2083 2158 2245 2217 pateat
2268 2156 2457 2202 euiden-

541 2245 616 2289 ter
639 2226 774 2304 quod
787 2241 863 2289 die
886 2241 1069 2290 veneris
1101 2256 1225 2289 nono
1259 2241 1335 2289 die
1368 2241 1542 2289 mensis
1566 2241 1684 2288 Maii
1706 2257 1829 2288 anno
1852 2241 2043 2289 Domini
2069 2241 2311 2291 millesimo
2345 2259 2457 2306 qua-

542 2329 906 2391 dringentesimo
929 2328 1111 2376 decimo
1134 2328 1389 2380 indictione
1411 2328 1560 2377 tercia
1581 2328 1879 2391 pontificatus
1902 2329 2182 2377 sanctissimi
2215 2330 2264 2376 in
2299 2331 2454 2378 Cristo

542 2418 692 2481 patris
729 2445 739 2454 ·
780 2445 790 2455 ·
829 2444 840 2454 ·
877 2416 1127 2465 Benedicti
1163 2444 1174 2453 ·
1212 2444 1222 2454 ·
1262 2443 1272 2454 ·
1307 2432 1428 2479 pape
1463 2416 1546 2477 xiij
1594 2431 1730 2463 anno,
1763 2415 1944 2464 decimo
1988 2420 2144 2464 sexto'
2170 2416 2314 2464 nobili
2358 2418 2457 2465 viro

543 2506 818 2554 Alexandro
842 2506 901 2553 de
925 2504 1096 2568 Ogilby
1115 2504 1387 2553 vicecomite
1406 2504 1464 2551 de
1488 2504 1673 2565 Anguss
1695 2518 1752 2550 ac
1769 2502 1943 2550 balliuo
1962 2504 2204 2551 reuerendi
2227 2505 2275 2551 in
2299 2504 2456 2553 Cristo

541 2595 692 2658 patris
728 2623 738 2632 ·
776 2621 786 2630 ·
825 2621 836 2630 ·
872 2592 1069 2640 Hem-ici
1109 2592 1316 2656 episcopi
1362 2591 1698 2643 Sanctiandree
1733 2591 1928 2641 sedente
1960 2606 2017 2638 ac
2050 2595 2241 2640 tenente
2275 2593 2449 2640 curiam

542 2683 658 2730 dicti
693 2681 869 2731 domini
903 2680 1110 2743 episcopi
1144 2680 1191 2727 in
1227 2678 1338 2727 villa
1375 2679 1433 2731 de
1470 2678 1740 2730 Kuikstoun
1771 2677 1914 2738 juxta
1950 2678 2183 2726 Fernwell
2219 2706 2230 2718 ·
2267 2680 2327 2726 In
2360 2681 2450 2727 mei

542 2771 714 2836 notarii
737 2769 912 2834 publici
934 2768 1179 2832 presencia
1199 2766 1508 2831 personaliter
1543 2766 1731 2814 veniens
1766 2766 2046 2813 reuerendus
2068 2765 2116 2812 in
2140 2765 2296 2814 Cristo
2318 2772 2453 2830 pater

543 2860 757 2908 dominus
795 2856 1038 2905 Walterus
1074 2856 1321 2919 episcopus
1359 2853 1687 2902 Brechinensis
1720 2852 1963 2915 requisiuit
2001 2853 2176 2904 dictum
2215 2854 2446 2901 dominum

543 2946 865 2995 vicecomitem
888 2945 1011 3008 quod
1038 2943 1179 2990 vellet
1203 2959 1286 3006 per
1308 2941 1479 3005 probos
1502 2945 1550 2987 et
1574 2939 1732 2988 fideles
1756 2940 1965 2988 homines
1998 2941 2149 3002 patrie
2172 2941 2344 2988 ibidem
2368 2958 2448 2989 ex-

542 3037 741 3083 istentes
764 3032 1117 3096 inquisicionem
1140 3031 1294 3078 facere
1318 3029 1455 3093 quale
1489 3028 1731 3076 seruicium
1770 3032 1986 3076 tenentes
2022 3027 2129 3075 ville
2166 3029 2223 3075 de
2262 3030 2451 3091 Kuyks·

541 3128 686 3171 toune
710 3125 759 3168 et
781 3121 1100 3172 inhabitantes
1116 3119 1271 3166 facere
1296 3118 1496 3164 debeant
1521 3117 1738 3179 episcopo
1764 3115 2064 3163 Brechinensi
2089 3119 2138 3162 et
2163 3115 2317 3162 facere
2341 3131 2449 3163 con-

542 3212 794 3259 sueuerant
816 3208 1135 3270 predecessori
1159 3222 1244 3253 suo
1281 3233 1290 3242 ·
1329 3206 1393 3251 Et
1417 3203 1528 3266 quid
1552 3203 1691 3250 dictis
1728 3203 1971 3264 episcopus
2009 3201 2246 3265 predictus
2268 3202 2447 3251 solebat

542 3300 698 3346 facere
721 3311 806 3358 pro
831 3295 958 3341 dicto
995 3293 1193 3340 seruicio
1231 3321 1240 3330 ·
1277 3291 1368 3346 Qui
1407 3291 1619 3337 dominus
1657 3290 1914 3337 vicecomes
1948 3305 2004 3336 ac
2042 3289 2240 3337 balliuus
2276 3291 2445 3337 domini
