2950 3970
515 631 624 686 182
676 628 1146 684 REGISTRUM
1184 625 1721 682 EPISCOPATUS
1761 624 2362 680 BREGHINENSIS.

514 823 677 868 nostra
714 817 1023 867 Brechinensi
1058 818 1117 864 de
1150 816 1294 864 terris
1326 815 1591 879 templariis
1640 814 1763 862 infra
1815 811 1987 862 Villam
2038 815 2097 862 de
2146 814 2332 862 Kethik
2380 814 2447 860 Et

516 909 641 955 inter
665 906 891 970 Dalgady
914 910 963 954 et
989 904 1349 969 Litilpetforthy
1373 904 1496 952 infra
1529 902 1801 966 parochiam
1827 902 1886 950 de
1911 901 2146 950 Brechine
2174 901 2449 963 jacentibus

517 1012 718 1044 unacum
755 996 886 1043 dicta
919 993 1104 1057 capella
1138 997 1187 1041 et
1222 993 1456 1041 fructibus
1496 992 1706 1040 eiusdem
1748 990 1890 1039 dictis
1923 990 2064 1039 terris
2099 991 2362 1054 templariis
2396 994 2449 1038 ut

422 1148 425 1151 y
516 1085 810 1148 premittitur
856 1083 1002 1131 unitis
1038 1110 1049 1120 ·
1090 1111 1100 1119 ·
1126 1110 1149 1124 .·
1186 1098 1272 1145 per
1317 1082 1496 1129 dictum
1543 1080 1924 1144 predecessorem
1966 1083 2179 1128 nostrum
2220 1083 2449 1143 perpetuo

516 1175 712 1221 fundate
740 1201 750 1210 ·
779 1200 788 1210 ·
817 1199 828 1210 ·
856 1171 955 1219 Nos
973 1170 1117 1234 igitur
1135 1169 1367 1233 Georgius
1383 1168 1654 1217 antedictus
1673 1168 1942 1231 Episcopus
1978 1195 1989 1205 ·
2027 1195 2038 1206 ·
2077 1195 2087 1205 -
2113 1171 2451 1231 cognoscentes

515 1260 781 1309 huiusmodi
818 1260 1037 1307 unionem
1078 1259 1179 1306 fore
1208 1258 1388 1320 justam
1423 1261 1576 1306 ratam
1612 1271 1866 1305 consonam
1901 1260 1952 1305 et
1985 1256 2035 1303 in
2066 1255 2170 1319 jure
2206 1256 2452 1304 fundatam

519 1378 530 1388 ·
569 1378 578 1387 -
619 1378 628 1387 ·
665 1348 961 1400 declaramus
985 1347 1111 1411 quod
1135 1346 1400 1396 huiusmodi
1424 1345 1536 1394 unio
1559 1349 1609 1394 et
1632 1345 1838 1394 annexio
1863 1345 1990 1393 dicte
2014 1344 2196 1409 capelle
2221 1346 2280 1393 de
2305 1346 2452 1394 Arrot

518 1455 621 1486 cum
661 1440 802 1485 terris
837 1436 1129 1501 supradictis
1169 1452 1254 1499 per
1293 1435 1558 1499 predictum
1593 1435 1974 1498 predecessorem
2008 1438 2222 1484 nostrum
2265 1438 2315 1483 et
2357 1434 2459 1483 eius

525 1526 786 1590 capitulum
810 1527 937 1573 facte
962 1525 1010 1572 in
1034 1524 1251 1573 omnibus
1285 1524 1384 1572 suis
1417 1523 1607 1586 punctis
1644 1551 1654 1561 ·
1694 1551 1704 1561 ·
1745 1550 1756 1561 ·
1791 1539 1820 1570 a
1844 1527 2058 1587 tempore
2083 1524 2306 1572 decessus
2341 1523 2457 1571 dicti

521 1614 744 1678 Magistri
766 1615 800 1660 J
806 1614 1005 1662 ohannis
1029 1617 1078 1660 et
1102 1614 1160 1660 de
1185 1616 1345 1660 cetero
1369 1627 1504 1660 suum
1530 1612 1741 1660 debitum
1777 1611 2038 1660 sortiantur
2073 1611 2291 1660 effectum
2315 1612 2386 1660 ita
2409 1615 2458 1660 et

519 1703 683 1751 taliter
710 1703 835 1766 quod
860 1702 1100 1750 Dominus
1128 1700 1404 1749 Nicholaius
1425 1701 1459 1747 J
1463 1700 1662 1748 ohannis
1685 1716 1810 1748 nunc
1846 1699 2119 1764 capellanus
2153 1701 2280 1748 dicte
2305 1701 2460 1764 capel-

521 1792 649 1839 lanie
685 1792 745 1838 ad
783 1790 935 1838 altare
971 1791 1147 1837 Sancte
1191 1789 1361 1837 Crucis
1396 1788 1520 1836 infra
1559 1779 1809 1836 ecclesiam
1854 1792 2067 1837 nostram
2107 1793 2160 1836 ut
2200 1789 2460 1852 predicitur

520 1881 716 1928 fundate
764 1880 958 1942 eiusque
1004 1892 1303 1926 successores
1339 1905 1350 1915 ·
1389 1905 1398 1914 ·
1438 1904 1449 1915 ·
1485 1877 1662 1925 dictam
1702 1876 1932 1941 capellam
1982 1878 2041 1926 de
2090 1878 2242 1927 Arrot
2265 1879 2459 1943 pacifice

520 1972 800 2032 assequatur
846 1971 896 2015 et
942 1954 1266 2029 assequantur
1297 1965 1491 2029 eiusque
1538 1965 1771 2014 fructibus
1818 1992 1830 2004 ·
1880 1993 1890 2004 ·
1942 1993 1952 2004 ·
2001 1970 2051 2014 et
2097 1966 2461 2017 obuentionibus

525 2057 897 2120 quibuscumque
922 2070 1124 2103 unacum
1150 2054 1292 2102 terris
1315 2052 1579 2117 templariis
1596 2054 1930 2118 suprascriptis
1954 2055 2013 2102 de
2037 2058 2197 2103 cetero
2221 2057 2462 2120 perpetuis

526 2145 819 2208 temporibus
855 2143 1051 2207 pacifice
1079 2143 1316 2205 gaudeant
1354 2170 1365 2180 ·
1404 2169 1414 2179 ·
1453 2169 1464 2180 ·
1499 2157 1595 2190 non
1633 2142 1932 2192 obstantibus
1967 2143 2340 2209 quibuscumque
2377 2146 2463 2193 im-

527 2233 875 2297 petrationibus
913 2260 923 2269 ·
962 2259 972 2268 ·
1011 2258 1022 2268 ·
1057 2230 1199 2279 factis
1234 2233 1318 2278 aut
1357 2258 1366 2267 -
1406 2258 1416 2268 ·
1455 2257 1466 2268 ·
1501 2230 1669 2278 fiendis
1706 2258 1717 2268 ·
1755 2231 1821 2279 Et
1859 2231 1949 2279 hoc
1985 2231 2245 2280 solenniter
2278 2237 2462 2297 protes-

528 2327 687 2369 tamur
724 2349 734 2358 ·
775 2320 926 2384 Super
949 2319 1119 2383 quibus
1142 2318 1360 2366 omnibus
1383 2321 1433 2366 et
1456 2317 1652 2381 singulis
1675 2318 1832 2368 dictus
1855 2321 2141 2370 reuerendus
2174 2326 2311 2385 pater
2333 2339 2363 2370 a
2386 2339 2461 2372 me

528 2411 713 2459 notario
750 2409 938 2473 publico
977 2408 1066 2457 sibi
1105 2412 1155 2456 et
1190 2407 1319 2455 dicto
1359 2407 1570 2456 Domino
1609 2407 1860 2456 Nicholaio
1899 2409 2147 2473 capeHano
2184 2411 2284 2459 fieri
2320 2413 2461 2475 petiit

528 2499 766 2562 publicum
802 2499 1168 2546 instrumentum
1206 2524 1217 2534 ·
1254 2497 1382 2544 Acta
1413 2496 1604 2544 fuerunt
1627 2496 1717 2545 hec
1739 2496 1788 2544 in
1812 2497 2022 2561 capitulo
2056 2498 2254 2549 ecclesie
2289 2500 2464 2549 Cathe-

530 2587 674 2635 dralis
718 2586 1052 2634 Brechinensis
1089 2613 1099 2623 ·
1139 2612 1149 2622 ·
1188 2612 1198 2622 ·
1234 2584 1534 2647 presentibus
1570 2585 1745 2632 ibidem
1782 2586 2126 2637 venerabilibus
2160 2592 2210 2636 et
2245 2589 2462 2640 discretis

532 2676 644 2724 viris
686 2675 918 2738 Magistro
957 2675 992 2721 J
996 2674 1179 2721 ohanne
1218 2674 1276 2721 de
1315 2672 1584 2736 Spaldynge
1619 2673 1818 2723 Decano
1853 2675 2098 2739 Stephano
2128 2676 2319 2740 Anguss
2358 2679 2463 2727 the-

528 2764 738 2811 saurario
761 2763 795 2809 J
799 2763 983 2810 ohanne
1010 2761 1242 2809 Willelmi
1267 2760 1457 2808 officiali
1493 2761 1527 2808 J
1531 2761 1715 2809 ohanne
1751 2762 2060 2827 Monypenny
2091 2766 2318 2814 canonico
2342 2766 2460 2814 Bre-

530 2852 835 2900 chinensibus
860 2851 1069 2898 Ricardo
1104 2848 1254 2912 Wyly
1284 2849 1460 2897 vicario
1494 2850 1553 2896 de
1592 2849 1766 2898 Dunde
1799 2850 2018 2899 Dominis
2051 2852 2085 2898 J
2089 2852 2273 2901 ohanne
2311 2855 2466 2919 Bari-y

530 2939 803 2986 Alexandro
849 2937 953 2987 Liel
1002 2936 1248 2985 Willelmo
1295 2937 1397 2999 Pay
1444 2940 1494 2984 et
1544 2937 1727 2985 Thema
1766 2938 1986 2987 Murdaci
2025 2940 2282 3003 capellanis
2327 2943 2458 2991 chori

531 3027 863 3076 Brechinensis
886 3042 992 3074 cum
1016 3025 1179 3074 multis
1201 3024 1308 3073 aliis
1346 3052 1357 3062 ·
1395 3052 1406 3062 ·
1446 3053 1457 3063 ·
1496 3025 1562 3072 Et
1587 3041 1681 3088 ego·
1698 3041 1809 3074 vero
1839 3027 2086 3076 «Iohannes
2111 3029 2188 3092 Gy
2211 3031 2458 3095 presbyter

532 3115 864 3164 Brechinensis
887 3114 1100 3163 dioecesis
1123 3113 1339 3177 publicus
1362 3112 1620 3161 autoritate
1645 3113 1877 3177 imperiali
1901 3116 2113 3165 notarius
2155 3145 2165 3155 ·
2205 3146 2214 3156 ·
2256 3145 2268 3158 ·
