2950 3970
496 605 606 659 148
672 603 1136 660 REGISTRUM
1176 605 1715 662 EPISCOPATUS
1755 604 2346 662 BRECHINENSIS.

493 792 587 840 fec-i
613 794 942 843 executionem
993 795 1247 843 secundum
1290 795 1543 841 earundem
1558 798 1771 842 tenorem
1809 821 1821 833 ·
1857 793 1929 843 Et
1943 809 2028 859 per
2041 794 2213 859 probos
2247 798 2296 842 et
2319 794 2433 840 fide-

495 885 662 948 dignos
686 883 976 946 subscriptos
999 898 1168 946 magno
1193 882 1538 930 interueniente
1559 881 1832 943 juramento
1857 883 2135 931 duodecima
2158 887 2207 931 et
2231 882 2435 930 decimo-

494 973 646 1021 tercia
670 973 835 1020 diebus
858 971 1032 1020 mensis
1056 970 1278 1019 Octobris
1301 986 1425 1018 anno
1460 969 1656 1018 Domini
1689 970 1939 1020 millesimo
1974 970 2434 1036 quadringentesimo

494 1061 881 1126 quinquagesimo
919 1089 928 1099 ·
968 1061 1120 1124 Super
1142 1075 1314 1124 aquam
1339 1060 1398 1107 de
1423 1059 1583 1107 Cruok
1605 1058 1698 1106 feci
1722 1059 1869 1107 videri
1894 1063 1943 1108 et
1967 1059 2255 1108 considerari
2279 1062 2435 1106 certas

495 1154 648 1198 metas
663 1150 788 1198 inter
802 1165 1048 1198 commune
1073 1147 1320 1196 reuerendi
1334 1148 1485 1211 patris
1503 1147 1712 1212 episcopi
1727 1147 1926 1196 ecclesie
1941 1152 1991 1196 et
2007 1147 2202 1212 capituli
2211 1147 2439 1195 Brechin-

498 1239 624 1288 ensis
671 1239 732 1286 ab
770 1254 862 1286 una
886 1242 935 1285 et
959 1236 1175 1301 proprias
1197 1240 1353 1285 terras
1387 1237 1422 1283 J
1426 1237 1625 1284 ohannis
1661 1237 1719 1284 de
1755 1236 1931 1284 Culace
1961 1241 2011 1285 et
2044 1236 2438 1300 portionariorum

497 1327 752 1374 earundem
777 1327 835 1374 de
863 1327 1086 1374 Menmur
1107 1326 1168 1372 ab
1192 1325 1347 1373 altera
1369 1324 1488 1374 alias
1513 1326 1571 1373 de
1595 1326 1822 1374 mandato
1847 1326 1994 1388 Regis
2011 1342 2097 1389 per
2113 1325 2438 1374 vicecomitem

496 1417 553 1462 ‹le
580 1415 750 1463 Forfar
772 1413 1125 1478 perambulatas
1161 1441 1172 1452 ·
1210 1414 1491 1478 Incipiendo
1526 1414 1586 1462 ab
1611 1414 1794 1463 oriente
1818 1430 1960 1478 super
1983 1415 2159 1463 dictam
2183 1430 2352 1478 aquam
2382 1415 2440 1462 de

501 1503 661 1551 Cruok
684 1519 714 1550 a
730 1502 836 1550 loco
853 1502 933 1566 qui
959 1502 1134 1550 dicitur
1155 1519 1215 1566 ye
1241 1502 1707 1566 Threpehalchfurde
1732 1503 1779 1550 in
1799 1503 1959 1551 Cruok
1973 1502 2048 1551 vel
2065 1519 2124 1566 ye
2141 1501 2440 1566 Alrynburne

499 1593 802 1640 extendendo
827 1607 968 1655 super
991 1592 1168 1639 dictam
1192 1608 1362 1655 aquam
1389 1608 1550 1640 versus
1574 1592 1866 1639 occidentem
1905 1608 2052 1656 usque
2086 1593 2147 1640 ad
2181 1591 2336 1639 locum
2361 1591 2441 1638 ubi

501 1680 687 1742 Lochty
711 1680 860 1728 intrat
884 1680 933 1727 in
960 1680 1119 1728 Cruok
1144 1679 1218 1728 vel
1241 1680 1428 1727 eocirca
1462 1695 1646 1742 semper
1674 1696 1735 1727 ex
1760 1680 1958 1728 australi
1992 1680 2142 1728 latere
2167 1681 2294 1728 dicte
2318 1697 2440 1744 aque

502 1771 559 1816 de
587 1769 747 1816 Cruok
770 1772 931 1832 preter
954 1769 1072 1818 duas
1109 1784 1282 1833 paruas
1314 1768 1491 1817 insulas
1527 1785 1557 1816 a
1597 1772 1733 1832 parte
1757 1768 1937 1817 boreali
1973 1796 1984 1807 ·
2022 1770 2088 1816 Et
2113 1769 2224 1833 quia
2246 1785 2342 1816 nox
2366 1785 2442 1818 su-

500 1858 718 1920 peruenit
753 1857 1031 1906 recessimus
1054 1862 1104 1906 et
1128 1873 1213 1921 pro
1250 1857 1467 1921 ampliori
1502 1857 1799 1905 auisamento
1822 1857 2200 1906 continuauimus
2221 1873 2368 1922 usque
2393 1858 2440 1905 in

502 1946 759 1994 crastinum
797 1973 808 1984 ·
845 1945 1066 1994 Crastino
1081 1945 1440 2009 superueniente
1457 1949 1819 2009 comparuerunt
1842 1962 1983 2010 super
1997 1946 2173 1994 dictam
2192 1963 2362 2011 aquam
2381 1948 2442 1994 ad

505 2035 736 2082 orientem
774 2035 822 2081 in
859 2033 964 2082 loco
987 2033 1203 2097 predicto
1227 2034 1285 2081 de
1309 2049 1447 2081 mane
1472 2049 1635 2082 omnes
1659 2034 1775 2081 dicti
1807 2034 1958 2097 jurati
1991 2039 2039 2083 et
2080 2035 2334 2099 subscripti
2358 2035 2440 2084 viz.

504 2123 752 2172 ‚Iohannes
775 2124 1086 2186 Scrymgeour
1109 2121 1489 2171 constabillarius
1507 2123 1565 2170 de
1581 2122 1755 2170 Du'nde
1779 2122 1915 2172 miles
1941 2123 2176 2173 Ricardus
2195 2123 2360 2172 Lovell
2383 2126 2441 2172 de

508 2212 761 2274 Ballumby
799 2210 1070 2259 Willelmus
1110 2210 1230 2274 Lyel
1269 2211 1328 2258 de
1369 2209 1674 2273 Bahagerro,
1713 2211 1951 2260 Patricius
1977 2211 2133 2259 Rinde
2157 2216 2207 2260 et
2229 2212 2263 2259 J
2266 2213 2442 2261 acobus

508 2301 665 2347 Rinde
707 2301 766 2348 de
808 2299 969 2356 Casse‚
1012 2299 1252 2348 Robertus
1290 2298 1565 2355 Fulertoun‚
1603 2300 1841 2349 Henricus
1877 2301 2034 2364 Fethy
2081 2302 2139 2348 de
2188 2301 2439 2365 Balyesok‚

507 2391 539 2436 J
545 2390 754 2437 ohannes
778 2389 995 2451 Carnegy
1018 2389 1077 2436 de
1101 2389 1281 2444 eodem,
1308 2388 1554 2437 Walterus
1580 2388 1796 2452 Carnegy
1820 2390 1879 2436 de
1918 2389 2145 2446 Guthere,
2174 2389 2443 2438 Willelmus

513 2479 724 2526 Guthere
740 2479 798 2525 de
816 2477 1041 2533 Lownan,
1059 2476 1305 2526 Walterus
1324 2477 1539 2540 Carnegy
1554 2478 1612 2524 de
1633 2478 1908 2540 Kynnarde,
1927 2477 2087 2525 Dauid
2114 2477 2443 2526 Walterstoun

511 2568 568 2614 de
593 2567 773 2621 eodem,
797 2569 846 2614 et
872 2566 1077 2613 Thomas
1102 2565 1285 2629 Lamby
1309 2581 1503 2630 quorum
1531 2565 1705 2614 diuersi
1729 2566 1778 2613 in
1816 2566 2018 2629 quadam
2042 2566 2444 2630 pei-ambulatione

482 2650 486 2654 ’
512 2671 653 2718 super
676 2655 840 2702 eadem
865 2670 990 2718 aqua
1026 2658 1076 2702 et
1114 2654 1163 2701 in
1202 2654 1378 2702 eisdem
1415 2654 1636 2702 merchiis
1659 2654 1785 2702 inter
1806 2654 2046 2717 predictas
2069 2658 2230 2717 partes
2254 2671 2316 2702 ex
2339 2671 2444 2718 pre-

515 2747 654 2806 cepto
681 2743 827 2805 Regis
869 2746 918 2790 et
956 2742 1248 2791 vicecomitis
1273 2743 1331 2789 de
1356 2742 1525 2791 Forfar
1561 2742 1874 2806 personaliter
1910 2746 1962 2790 ut
1993 2746 2226 2791 assertum
2251 2743 2316 2790 ibi
2341 2748 2443 2791 erat

515 2831 829 2879 interfuerunt
875 2834 924 2878 et
973 2835 1025 2878 nt
1069 2830 1260 2894 ipsimet
1317 2835 1618 2879 asseruerunt
1656 2858 1666 2869 ·
1704 2830 1808 2893 Ego
1853 2846 1960 2878 cum
2007 2831 2233 2894 predictis
2271 2832 2446 2894 ‚iuratis

515 2919 801 2967 auisauimus
826 2919 883 2966 de
907 2918 1047 2981 longo
1070 2919 1130 2966 ab
1155 2918 1337 2966 oriente
1364 2935 1508 2982 usque
1533 2919 1580 2966 in
1605 2919 1898 2967 occidentem
1933 2922 1982 2966 et
2018 2934 2044 2966 e
2079 2923 2245 2968 contra
2269 2924 2317 2968 et
2341 2924 2445 2968 toto

516 3007 671 3070 spatio
695 3010 743 3054 et
769 3007 936 3054 itinere
963 3006 1123 3054 debite
1147 3007 1458 3055 consideratis
1481 3007 1657 3055 auditis
1680 3007 1896 3055 omnibus
1918 3023 2004 3056 sua
2027 3007 2254 3056 interesse
2277 3013 2447 3071 putan-

516 3095 656 3150 tibus,
680 3094 884 3142 testibus
909 3095 1051 3142 etiam
1088 3110 1174 3158 pro
1198 3095 1325 3143 omni
1348 3098 1485 3158 parte
1509 3099 1562 3142 ut
1599 3095 1778 3159 placuit
1813 3095 1988 3144 auditis
2010 3096 2102 3144 feci
2126 3112 2187 3144 ex
2213 3097 2444 3145 dictorum

511 3184 775 3244 juratorum
815 3182 1152 3230 deliberatione
1190 3187 1240 3231 et
1287 3182 1606 3231 declaratione
1648 3182 1878 3231 declarari
1919 3187 1968 3231 et
2007 3183 2257 3232 deliberari
2292 3189 2448 3234 rectas

515 3275 667 3320 metas
691 3274 739 3318 et
765 3271 939 3318 diuisas
953 3270 1072 3319 alias
1089 3286 1172 3334 per
1196 3271 1338 3319 breue
1357 3270 1532 3320 domini
1555 3271 1706 3320 nostri
1725 3270 1869 3334 Regis
1892 3287 1977 3334 per
1991 3272 2225 3335 quandam
2243 3273 2446 3336 priorem
