3034 3990
394 598 451 651 iv
673 620 675 623 ¹
1289 592 1752 647 TABULA.

400 777 459 813 14.
519 775 635 812 Carta
656 773 818 812 Roberti
836 773 884 810 de
905 772 1083 822 Erskyne
1103 771 1151 809 de
1171 770 1319 808 duabus
1341 770 1575 820 capellaniis
1594 775 1669 809 etc.
1727 769 1799 820 [18
1821 769 1925 809 Nov.
1949 771 2062 808 1360.
2080 770 2131 808 fo.
2153 769 2375 822 lxxxxviii.]

403 903 460 939 15.
518 900 742 939 Declaratio
783 899 967 948 Episcopi
1006 898 1277 936 Brechinensis
1314 908 1478 934 unacum
1517 901 1599 934 toto
1629 896 1808 946 Capitulo
1845 897 1893 935 de
1930 898 2115 947 qualitate
2151 899 2430 947 prebendarum
2469 901 2654 938 eiusdem.

582 963 623 1015 [7
646 964 738 1001 Jun.
762 964 875 1000 1372.
895 963 948 1000 fo.
970 961 1097 1003 cxxiii,
1120 959 1180 1010 b.]

402 1093 461 1129 16.
521 1091 703 1140 Cognitio
731 1089 834 1127 sacta
863 1100 989 1126 coram
1021 1087 1180 1124 Vaitero
1213 1085 1261 1123 de
1296 1084 1414 1135 Bigar
1445 1085 1665 1123 Camerario
1688 1084 1817 1123 Scotie
1845 1087 2009 1136 qualiter
2035 1086 2162 1125 forum
2182 1088 2230 1126 de
2251 1089 2441 1129 Brechine
2471 1093 2653 1128 usitatum

582 1154 698 1191 fuerit
717 1159 890 1201 tempore
911 1151 1104 1200 quondam
1127 1149 1245 1199 Regis
1268 1148 1440 1187 Roberti.
1499 1147 1570 1199 [12
1591 1149 1684 1187 Feb.
1708 1151 1854 1188 1374-5
1876 1147 2064 1203 [1364-5]
2084 1151 2137 1190 so.
2159 1150 2292 1203 cxxv.]

399 1284 457 1319 17.
514 1281 668 1319 Creatio
687 1280 735 1317 de
757 1278 926 1316 Lethnot
944 1278 982 1315 in
1004 1276 1249 1326 prebendam.
1307 1274 1376 1326 [23
1399 1274 1494 1314 Feb.
1515 1278 1674 1316 1384-5.
1693 1279 1747 1317 fo.
1767 1248 1875 1326 xxix,
1892 1277 1951 1329 b.]

398 1413 456 1449 15.
514 1408 685 1446 Donatio
707 1406 927 1456 Capellanie
947 1406 994 1444 de
1016 1404 1251 1455 Melgynche
1271 1403 1319 1442 de
1341 1383 1516 1455 Bagraw.
1571 1405 1644 1457 [10
1666 1406 1763 1444 Dec.
1785 1407 1899 1444 1406.
1919 1407 1973 1445 fo.
1994 1408 2121 1452 cxxxi,
2142 1406 2199 1460 b.]

405 1539 462 1575 19.
527 1535 778 1572 Confirmatio
813 1533 1032 1571 donationis
1061 1539 1248 1570 terrarum
1278 1532 1326 1569 de
1358 1532 1584 1583 Cortoquhy
1621 1533 1763 1572 Coniiti
1795 1534 1952 1572 Atholie
1985 1547 2148 1573 unacum
2183 1535 2436 1574 advocatione
2471 1536 2657 1576 Ecclesie.

581 1602 651 1653 [22
674 1602 762 1650 Sep.
787 1601 900 1638 1409.
922 1600 975 1638 fo.
993 1597 1124 1651 xviii.]

403 1735 467 1769 20.
526 1731 828 1767 instrumentum
849 1728 898 1766 de
919 1740 1026 1765 moro
1045 1728 1092 1765 de
1114 1726 1302 1766 Fernwell
1322 1739 1441 1776 penes
1459 1725 1658 1764 dominum
1677 1724 1725 1763 de
1747 1724 1957 1774 Kynnarde
1977 1731 2053 1765 etc.
2106 1725 2152 1778 [2
2172 1726 2256 1765 Jul.
2281 1728 2394 1766 1410.
2412 1729 2465 1768 so.
2486 1730 2602 1782 lxiii.]

395 1860 457 1896 21.
513 1857 746 1906 Preceptum
775 1855 1121 1904 perambulationis
1153 1854 1313 1892 Roberti
1342 1853 1467 1891 Ducis
1495 1852 1661 1890 Albanie
1689 1851 1736 1889 ad
1764 1853 2106 1901 perambulandum
2135 1854 2275 1893 limites
2308 1860 2349 1894 et
2381 1856 2524 1894 divisas
2556 1858 2657 1896 inter

581 1928 701 1958 terras
730 1918 1016 1958 communitatis
1046 1918 1231 1968 Episcopi
1253 1917 1525 1956 Brechinensis
1554 1922 1593 1954 et
1617 1916 1790 1959 aliorum,
1815 1918 1918 1955 utin
1945 1917 2080 1955 eodem
2100 1919 2321 1958 continetur
2349 1920 2472 1958 Alex0-
2508 1921 2655 1972 Ogiiby

584 1983 802 2022 vicecomiti
821 1982 869 2020 de
892 1981 1027 2020 Forfar
1046 1981 1262 2020 commisso.
1316 1980 1389 2032 [20
1407 1980 1433 2018 J
1438 1980 1488 2017 ul.
1508 1978 1622 2017 1410.
1642 1979 1695 2018 so.
1715 1980 1806 2025 xlix,
1827 1980 1886 2032 b.]

399 2118 462 2152 22.
518 2114 760 2152 Presentatio
777 2112 940 2151 Comitis
959 2110 1187 2149 Craufurdie
1207 2110 1456 2148 canonicatus
1475 2114 1515 2146 et
1533 2108 1728 2158 prebende
1747 2109 1794 2147 de
1818 2108 1998 2148 Lethnot.
2055 2109 2099 2160 [6
2122 2110 2219 2148 Dec.
2241 2112 2354 2149 1410.
2374 2111 2425 2149 fo.
2444 2112 2574 2157 lxxvii,
2596 2112 2654 2163 b.]

396 2245 458 2280 23.
517 2241 740 2280 Declaratio
760 2240 875 2278 More
894 2240 943 2278 de
965 2238 1157 2277 Fernweil
1178 2239 1251 2276 sub
1271 2237 1398 2288 sigillo
1419 2238 1674 2276 vicecomitis.
1732 2236 1805 2289 [10
1825 2238 1918 2276 Jan.
1943 2239 2130 2277 1410-11.
2149 2239 2202 2276 so.
2226 2240 2276 2284 vi,
2297 2238 2355 2291 b.]

394 2372 455 2408 24.
515 2369 764 2407 Confirmatio
801 2368 849 2405 de
888 2366 1115 2418 Eglisjiione
1156 2365 1319 2404 Roberti
1354 2365 1476 2404 Ducis
1515 2365 1684 2404 Albanie
1721 2369 1887 2414 protunc
1923 2364 2194 2414 gubernatoris
2233 2365 2376 2405 Scotie.
2443 2364 2513 2418 [18
2554 2367 2651 2404 Mar.

582 2434 766 2470 1410-11.
786 2432 840 2471 fo.
859 2431 911 2477 lx,
931 2432 991 2482 b.]

398 2561 460 2597 25.
520 2561 635 2599 Carta
655 2560 908 2598 secundarum
928 2558 1164 2597 decimarum
1180 2534 1229 2596 de
1250 2556 1458 2607 Meyrniss.
1516 2554 1587 2608 [30
1605 2557 1631 2595 J
1637 2570 1699 2595 un.
1723 2558 1836 2595 1413.
1854 2556 1906 2594 fo.
1927 2556 2046 2604 xxvii,
2066 2555 2124 2609 b.]

396 2689 458 2726 26.
514 2687 577 2724 De
596 2687 774 2725 secundis
793 2686 952 2724 decimis
971 2685 1019 2723 de
1038 2685 1077 2734 ly
1099 2685 1291 2734 Mernyss.
1349 2681 1420 2736 [20
1438 2685 1533 2724 Jun.
1557 2685 1672 2722 1415.
1691 2684 1745 2722 fo.
1765 2682 1921 2737 xxviii.]

403 2817 467 2852 27.
526 2813 642 2852 Carta
665 2813 976 2852 confirmationis
995 2813 1184 2852 Johannis
1206 2813 1364 2851 Conane
1382 2812 1487 2851 facta
1504 2824 1575 2861 per
1593 2812 1750 2849 fratrem
1770 2811 1906 2849 Alexm·
1927 2810 2161 2849 Lichttoune
2181 2812 2341 2850 militem
2362 2813 2505 2851 ordinis
2525 2815 2655 2852 Sancti

582 2876 772 2914 ,Iohannis
789 2876 1106 2915 Jerosolimitani.
1164 2872 1235 2927 [20
1253 2876 1282 2915 J
1286 2890 1347 2915 an.
1370 2875 1555 2914 1415-16.
1575 2874 1628 2913 fo.
1648 2872 1770 2926 cxix.]

397 3006 460 3041 28.
517 3003 739 3042 Declaratio
777 3002 901 3041 Ducis
933 3002 1095 3041 Roberti
1132 3003 1180 3042 de
1219 3003 1399 3045 secundis
1438 3002 1599 3041 decimis
1634 3000 1683 3039 de
1715 3002 1778 3051 lye
1815 3001 2017 3051 Meirnyss
2047 3013 2117 3050 pro
2148 3000 2343 3051 Episcopo
2374 3002 2422 3040 de
2449 3003 2652 3043 Brechine.

582 3064 651 3118 [26
670 3067 762 3105 Jun.
786 3066 900 3103 1417.
921 3066 975 3105 so.
995 3066 1120 3121 eviii.]

401 3195 463 3231 29.
521 3193 745 3232 Declaratio
763 3205 834 3242 pro
853 3193 1030 3242 portione
1050 3194 1236 3232 canonica
1255 3206 1327 3243 pro
1349 3192 1639 3232 confirmatione
1667 3196 1997 3229 testamentorum.
2054 3188 2123 3242 [16
2142 3191 2167 3229 J
2173 3191 2222 3229 ui.
2246 3179 2359 3229 14'20.
2380 3192 2433 3231 so,
2453 3193 2552 3245 lxii.]

398 3322 448 3358 30
521 3321 822 3358 lustramentum
856 3320 904 3358 de
937 3319 1145 3359 donatione
1177 3326 1365 3359 terrarum
1395 3320 1442 3358 de
1474 3318 1702 3368 Cortoquhy
1731 3317 1892 3356 ecclesie
1925 3317 1973 3355 de
2007 3316 2210 3357 Brechine.
2267 3315 2335 3368 [22
2358 3318 2449 3369 Maij
2474 3321 2586 3358 1429.
2606 3320 2656 3359 so.

586 3385 664 3431 xvi,
685 3382 740 3436 b.]
