2950 3970
426 627 430 630 ’
519 635 588 689 10
654 634 1115 692 REGISTRUM
1152 635 1690 694 EPISGOPATUS
1730 637 2320 695 BRECHINENSIS.

515 823 652 872 nobis
673 824 908 872 instanter
930 829 983 872 ut
1007 826 1257 888 quamdam
1281 830 1463 874 cartam
1496 826 1649 890 ipsum
1673 831 1723 875 et
1746 827 1995 876 ecclesiam
2018 843 2151 876 suam
2174 831 2447 891 tangentem

516 912 793 961 deberemus
825 912 1070 975 inspicere.
1142 913 1208 961 Et
1243 913 1504 976 inspectam
1539 918 1734 977 propter
1767 930 1906 964 casus
1939 915 2163 964 fortuitos
2195 915 2447 964 transcribi

515 1001 671 1048 facere
707 1015 764 1048 ac
799 1000 948 1063 ipsam
982 1000 1318 1064 transcriptam
1352 1000 1609 1063 sigillorum
1642 1006 1909 1051 nostrorum
1943 1003 2198 1052 munimine
2220 1004 2443 1052 roborari.

518 1088 664 1136 Cuius
681 1093 813 1137 carte
830 1092 970 1137 tenor
985 1088 1096 1137 talis
1116 1092 1204 1137 est.
1224 1126 1226 1130 ,
1263 1088 1535 1138 Willelmus
1552 1105 1639 1139 rex
1658 1090 1820 1139 Scotie
1837 1091 2053 1140 omnibus
2070 1090 2230 1155 probis
2247 1092 2445 1140 homini-

517 1178 606 1225 bus
640 1177 795 1225 tocius
843 1177 1004 1226 Scotie
1042 1214 1053 1224 .
1091 1213 1101 1223 .
1140 1213 1150 1222 .
1190 1175 1268 1238 [ut
1314 1193 1456 1241 supra
1499 1177 1587 1227 No.
1634 1180 1704 1244 1.]
1776 1179 1831 1226 Τ.
1877 1178 2075 1228 Andrea
2119 1180 2341 1244 episcopo
2387 1181 2446 1227 de

519 1266 749 1314 Cateness
771 1269 936 1314 nostro
960 1264 1244 1314 cancellario
1266 1266 1394 1329 apud
1418 1265 1668 1314 Brechine.
1738 1265 1920 1315 Datum
1943 1268 2071 1330 apud
2095 1267 2323 1316 Sanctum
2347 1269 2447 1316 An-

519 1355 682 1402 dream
721 1354 808 1402 sub
848 1353 1015 1416 sigillis
1060 1354 1236 1403 nostris
1275 1353 1350 1401 die
1383 1353 1419 1401 J
1423 1354 1526 1403 ouis
1560 1354 1610 1402 in
1644 1355 1830 1404 octauis
1862 1355 2181 1420 apostolorum
2226 1357 2357 1406 Petri
2396 1363 2446 1406 et

518 1443 655 1491 Pauli
678 1459 802 1491 anno
827 1443 995 1491 Gratis
1018 1441 1269 1491 miHesimo
1291 1442 1628 1492 trecentesimo
1652 1443 1835 1492 decimo
1859 1448 2045 1493 octauo.

516 1653 663 1701 Carta
698 1654 802 1701 Ade
837 1654 1045 1717 episcopi
1070 1653 1405 1702 Brechinensis
1439 1655 1498 1702 de
1531 1652 1675 1703 terris
1706 1654 2054 1718 pertinentibus
2087 1654 2349 1719 capellanie
2386 1658 2444 1704 de

517 1742 676 1790 Boith.

447 1925 471 1934 ..
526 1855 810 1936 Uniuersis
845 1892 894 1936 et
929 1887 1123 1952 singulis
1145 1892 1389 1952 presentes
1414 1887 1602 1936 litteras
1624 1886 1907 1950 inspecturis
1930 1886 2086 1934 Adam
2109 1887 2445 1936 misceracione

516 1975 678 2023 diuina
711 1977 960 2040 episcopus
984 1977 1319 2026 Brechinensis
1342 1975 1545 2025 salutem
1569 1975 1618 2022 in
1643 1975 1878 2032 Domino„
1935 1975 2136 2033 Nouerit
2160 1976 2445 2026 uniuersitas

515 2067 674 2113 vestra
695 2080 780 2113 nos
804 2065 864 2112 ob
888 2065 1037 2113 diuini
1059 2065 1215 2114 cultus
1237 2064 1669 2128 augmentationem
1702 2063 1753 2127 ly
1775 2063 1975 2113 ecclesie
1998 2067 2159 2114 nostre
2183 2066 2444 2114 cathedrali

517 2152 824 2202 Brechinensi
848 2154 1034 2203 dedisse
1057 2154 1343 2203 concessisse
1378 2157 1427 2202 et
1459 2153 1549 2200 hac
1570 2152 1780 2216 presenti
1803 2156 1938 2200 carta
1959 2156 2124 2202 nostra
2145 2154 2444 2204 confirmasse

515 2242 623 2290 Deo
657 2246 706 2290 et
742 2242 940 2291 ecclesie
965 2242 1091 2291 dicte
1118 2242 1368 2290 Trinitatis
1392 2242 1450 2289 de
1476 2241 1710 2289 Brechine
1733 2241 1795 2288 ad
1817 2240 2212 2300 sustentationem
2247 2242 2442 2303 duorum

515 2330 862 2394 capellanorum
895 2334 1370 2395 perpetuorumquos
1404 2331 1462 2378 de
1496 2344 1622 2378 nouo
1643 2328 1944 2377 fundauimus
1978 2329 2029 2376 in'
2054 2329 2220 2379 eadem
2244 2329 2446 2379 ecclesia

515 2419 823 2483 capellaniam
855 2420 914 2467 de
952 2420 1096 2468 Boith
1120 2423 1281 2468 nostre
1306 2419 1550 2467 dioceseos
1584 2432 1691 2464 cum
1713 2416 1856 2466 terris
1879 2417 2144 2466 redditibus
2177 2421 2226 2466 et
2257 2418 2444 2479 juribus

515 2508 745 2557 uniuersis
778 2509 840 2556 ad
875 2508 1052 2556 dictam
1075 2507 1386 2572 capellaniam
1410 2504 1737 2571 spectantibus
1759 2520 1843 2554 seu
1866 2509 2083 2569 spectare
2105 2505 2372 2555 valentibus
2394 2507 2442 2554 in

513 2597 720 2644 futurum
746 2597 1075 2660 quamquidem
1100 2595 1410 2660 capellaniam
1445 2611 1552 2643 cum
1585 2593 1892 2658 pertinenciis
1915 2594 2035 2642 bone
2058 2595 2282 2643 memorie
2308 2595 2443 2643 Wal-

515 2689 646 2733 terus
695 2686 753 2733 de
796 2684 980 2733 Manlia
1021 2684 1238 2733 dominus
1279 2685 1339 2732 de
1381 2684 1590 2731 Panmur
1621 2682 1758 2731 nobis
1793 2681 1987 2730 donauit
2033 2682 2209 2731 intuitu
2243 2699 2442 2747 persone

516 2777 675 2821 nostre
693 2789 751 2821 ac
767 2777 943 2840 terram
968 2774 1027 2820 de
1051 2773 1315 2836 Carncorty
1332 2787 1437 2820 cum
1462 2770 1769 2835 pertinenciis
1792 2770 2152 2843 quamemimus
2174 2772 2233 2820 de
2255 2773 2442 2836 peculio

516 2865 678 2909 nostro
701 2877 731 2908 a
754 2842 967 2925 predicto
992 2861 1210 2910 Waltero
1235 2862 1294 2908 de
1318 2876 1548 2909 consensu
1583 2859 1733 2933 eciam
1757 2858 1962 2922 capituli,
1977 2860 2127 2909 nostri
2149 2860 2199 2908 in
2221 2877 2441 2924 augmen-

516 2954 617 2997 tum
665 2950 1024 2999 sustentationis
1067 2950 1384 3014 predictorum
1437 2947 1784 3012 capellanorum
1831 2947 2065 2996 uniuimus
2108 2949 2170 2996 ad
2214 2951 2443 3012 premissa

518 3038 681 3100 viginti
716 3037 891 3086 solidos
924 3039 1067 3086 annui
1092 3038 1305 3087 redditus
1338 3038 1386 3085 in
1421 3037 1591 3101 quibus
1622 3035 1817 3099 singulis
1838 3035 1974 3085 annis
2007 3037 2069 3084 ad
2093 3037 2440 3087 Penthecosten

516 3130 738 3174 tenentur
776 3127 923 3175 abbas
958 3131 1008 3175 et
1048 3131 1308 3176 conuentus
1345 3127 1404 3173 de
1442 3124 1777 3173 Aberbrothoc
1816 3123 2014 3173 ecclesie
2050 3128 2212 3174 nostre
2256 3126 2439 3176 soluere

517 3214 690 3262 virtute
731 3215 973 3263 cuiusdam
1013 3215 1366 3278 compositionis
1389 3229 1538 3277 nuper
1572 3213 1690 3261 inite
1712 3213 1837 3261 inter
1859 3229 1946 3262 nos
1978 3217 2029 3262 et
2064 3213 2311 3262 ecclesiam
2334 3232 2441 3265 nos·

515 3307 637 3350 tram
674 3319 735 3351 ex
774 3308 910 3366 parte
957 3320 1050 3351 una
1095 3309 1144 3352 et
1190 3303 1430 3367 predictos
1474 3301 1696 3350 abbatem
1742 3306 1792 3349 et
1838 3306 2119 3351 conuentum
2166 3318 2225 3350 ex
2272 3303 2437 3352 altera.
