3034 3990
1186 578 1649 634 TABULA
2463 591 2537 643 ὠ

293 759 354 796 64.
413 756 629 807 Requisitio
647 769 716 806 per
735 756 876 794 bullam
896 768 966 806 pro
988 756 1143 806 cappis.
1200 754 1242 807 [8
1262 757 1341 795 Jul.
1363 758 1475 795 1448.
1497 757 1549 796 fo.
1570 758 1723 811 lxxxij.]

293 888 354 923 65.
414 886 475 923 De
504 885 738 923 Deliberatis
766 886 804 921 in
837 883 1016 933 Capitulo
1044 910 1054 920 .
1082 884 1363 933 Inquisitioune
1383 897 1483 933 vpon
1504 898 1553 934 ye
1574 885 1703 935 Paipis
1723 886 1810 923 Bull
1834 890 1874 925 to
1903 893 2055 926 certane
2084 889 2265 927 chanonis
2291 859 2350 928 i'or
2378 893 2530 943 making

475 954 660 999 payment
677 949 735 986 off
748 953 903 987 certane
922 948 1156 986 taxaciones.
1214 945 1281 998 [19
1302 954 1341 985 et
1357 949 1411 985 20
1432 949 1534 999 Aug.
1559 950 1672 987 1448.
1695 950 1747 988 fo.
1769 950 1900 1001 lxxvij‚
1923 950 1979 1003 b.]

288 1079 350 1116 66.
409 1078 524 1116 Carta
550 1077 739 1116 Johannis
769 1076 896 1115 Smert
923 1077 1020 1114 ciuis
1051 1076 1231 1115 Ciuitatis
1261 1075 1530 1114 Brechinensis
1558 1090 1671 1126 super
1702 1077 1924 1116 fundatione
1953 1080 2161 1128 capellanie
2190 1081 2236 1118 ad
2262 1081 2380 1119 altare
2400 1083 2527 1120 Sancti

472 1141 702 1180 Christofori
720 1140 820 1178 infra
840 1141 1055 1179 Ecclesiam
1076 1139 1387 1178 Brechinensem.
1445 1138 1486 1191 [7
1510 1141 1608 1179 Mar.
1630 1142 1813 1179 1449-50.
1834 1142 1886 1180 fo.
1906 1143 2061 1194 cxxviij,
2082 1143 2138 1197 b.]

291 1273 353 1309 67.
412 1271 543 1309 Litera
563 1270 689 1320 Regia
706 1269 856 1308 directa
875 1268 987 1305 Maro
1007 1267 1201 1313 Quartarii
1216 1266 1487 1304 Breohinensis
1504 1268 1552 1305 ad
1566 1268 1811 1306 inhibendum
1827 1269 2043 1307 ,Iohannem
2062 1270 2215 1308 Cullace
2230 1271 2277 1308 de
2296 1271 2525 1309 Balnamone

477 1348 524 1374 ne
541 1334 776 1373 intromittat
795 1346 882 1373 cum
913 1333 1190 1370 communitate
1211 1330 1474 1375 Brechinensi‚
1496 1336 1536 1370 et
1550 1344 1598 1369 ne
1613 1332 1812 1381 perturbet
1831 1333 2085 1372 inhabitantes
2104 1333 2274 1384 ejusdem
2295 1333 2473 1372 Ciuitatis
2492 1336 2528 1371 in

469 1399 668 1450 gauisione
687 1396 905 1450 hujusmodi
924 1396 1227 1434 communitatis.
1283 1391 1351 1445 [12
1373 1394 1467 1444 Maij
1492 1395 1605 1432 1450.
1622 1395 1674 1432 fo.
1696 1393 1766 1446 lv.]

288 1530 350 1566 68.
410 1527 732 1577 Transsumptum
778 1526 1017 1563 diuersarum
1064 1522 1319 1561 clausularum
1355 1522 1403 1560 de
1440 1523 1601 1560 diuersis
1638 1522 1758 1561 literis
1788 1536 1902 1573 super
1933 1524 2064 1563 ordine
2091 1524 2319 1574 dignitatum
2355 1525 2524 1563 Ecclesie

473 1592 757 1630 Brechinensis.
815 1586 885 1641 [20
906 1588 1001 1628 Jun.
1025 1589 1139 1626 1450.
1159 1587 1211 1625 fo.
1233 1585 1360 1639 lxiiij.]

289 1723 350 1759 69.
406 1720 728 1769 Transsumptum
758 1717 1008 1768 quarumdam
1029 1720 1221 1753 cartarum
1243 1713 1418 1752 Ecclesie
1434 1713 1716 1752 Brechinensis.
1774 1711 1840 1765 [21
1856 1714 1935 1753 Jul.
1958 1714 2070 1751 1450.
2086 1714 2137 1751 so.
2152 1715 2291 1765 cxxxij‚
2311 1712 2366 1765 b.]
2424 1713 2524 1765 (The

470 1783 632 1834 original
653 1786 869 1831 transumpt
887 1782 920 1818 is
939 1777 1175 1829 imperfect.)

284 1914 347 1951 70.
405 1912 521 1951 Carta
540 1910 671 1949 Dauid
697 1910 908 1959 Dempster
926 1908 974 1946 de
996 1907 1248 1945 Ouchterless
1277 1918 1393 1955 super
1418 1905 1647 1944 alienatione
1667 1909 1854 1944 terrarum
1873 1905 1920 1943 de
1943 1905 2159 1954 Tempilhill
2180 1904 2227 1942 de
2249 1904 2402 1942 Kethik.
2456 1903 2521 1955 [17

472 1978 576 2027 Aug.
599 1976 714 2014 1450.
734 1974 787 2012 fo.
808 1971 917 2024 cxv.]
975 1971 1171 2023 (Collated
1190 1970 1279 2007 with
1301 1969 1452 2008 chartei·
1471 1969 1614 2007 recited
1637 1970 1673 2019 in
1696 1969 1972 2014 confirmation,
1995 1968 2071 2006 No.
2093 1966 2171 2018 71.)

285 2106 346 2142 71.
406 2103 657 2143 Confirmatio
672 2106 776 2141 carte
791 2100 923 2139 Dauid
939 2099 1150 2148 Dempstar
1164 2098 1213 2135 de
1232 2097 1473 2135 Ouchtirless
1491 2096 1539 2134 de
1558 2097 1670 2134 terris
1690 2096 1737 2134 de
1759 2096 1978 2146 Tempilhill
1991 2097 2105 2147 juxta
2125 2095 2279 2133 Kethik.
2337 2093 2403 2146 [22
2426 2097 2525 2144 Aug.

471 2168 585 2205 1450.
604 2167 657 2205 so.
676 2165 798 2219 cxvj.]
855 2164 961 2215 (The
982 2161 1144 2212 original
1165 2161 1317 2199 chartei·
1335 2161 1368 2198 is
1389 2158 1624 2209 imperfect.)

291 2297 354 2332 72.
413 2271 644 2344 Preceptum
676 2293 799 2342 Regis
827 2292 875 2329 de
905 2289 1175 2328 obseruatione
1203 2293 1390 2326 metarum
1419 2287 1518 2324 inter
1546 2286 1778 2335 Episcopum
1810 2286 2103 2324 Brechinensem
2133 2290 2172 2324 et
2199 2285 2454 2324 Portionarios
2482 2286 2528 2323 de

469 2359 675 2396 Menmuir.
731 2354 800 2409 [28
823 2357 927 2405 Aug.
950 2354 1064 2391 1450.
1084 2352 1136 2390 fo.
1156 2350 1259 2404 liiij.]

287 2489 350 2525 73.
407 2486 728 2535 Transsumptum
748 2485 984 2523 diuersarum
1007 2487 1196 2520 cartarum
1217 2481 1361 2518 factum
1382 2492 1451 2528 per
1468 2478 1668 2528 prouidum
1689 2478 1810 2513 virum
1839 2476 2042 2524 Symonem
2065 2475 2177 2513 Clerk
2197 2475 2375 2512 balliuum
2394 2476 2432 2512 in
2453 2475 2523 2511 hac

466 2555 576 2600 parte
606 2549 835 2588 venerabilis
864 2548 938 2585 viri
965 2546 1095 2584 fratris
1125 2544 1287 2583 Henrici
1305 2543 1353 2581 de
1375 2542 1652 2580 Lewenstoune
1670 2540 1800 2576 militis
1830 2539 1958 2576 Sancti
1985 2538 2171 2576 Johannis
2197 2539 2517 2576 Jerosolomitani.

471 2612 539 2666 [31
562 2615 665 2664 Aug.
689 2613 803 2652 1450.
822 2612 876 2651 fo.
898 2609 981 2663 cij.]

284 2745 345 2780 74.
403 2742 549 2780 Aresta
575 2741 622 2778 de
650 2742 763 2778 terris
792 2738 1081 2778 communitatis
1111 2735 1381 2774 Brecbinensis
1409 2745 1528 2783 prope
1559 2730 1685 2770 Cruok
1709 2742 1776 2779 per
1803 2728 1930 2766 Dauid
1960 2727 2142 2777 Balbirny
2162 2740 2306 2765 marum
2326 2728 2518 2774 Quartarii

469 2806 753 2845 Brechinensis.
810 2802 878 2856 [11
903 2804 1008 2852 Sept.
1034 2803 1147 2840 1450.
1168 2801 1219 2838 fo.
1241 2802 1291 2845 lv,
1312 2798 1370 2851 b.]

285 2937 347 2974 75.
404 2935 627 2974 Declaratio
664 2946 779 2983 super
823 2934 936 2970 metis
974 2936 1013 2969 et
1051 2929 1184 2967 diuisis
1220 2932 1407 2966 terrarum
1444 2925 1491 2962 de
1528 2923 1703 2961 Menmor
1738 2921 1838 2958 inter
1875 2918 2107 2967 Episcopum
2145 2918 2439 2956 Brechinensem
2477 2923 2517 2956 et

467 2999 686 3038 ,Iohannem
705 2998 753 3036 de
776 2997 944 3036 Cullace.
1003 2992 1072 3046 [12
1093 2997 1133 3031 et
1155 2993 1202 3030 13
1226 2991 1314 3029 Oct.
1338 2989 1452 3026 1450.
1473 2987 1524 3024 fo.
1545 2984 1630 3037 xij.]

289 3130 350 3166 76.
409 3127 620 3165 Decretum
649 3122 990 3175 perambulationis
1018 3091 1181 3157 Walteri
1214 3117 1359 3167 Ogilby
1388 3113 1634 3153 Vicecomitis
1653 3111 1701 3148 de
1721 3109 1855 3147 Forfar
1873 3120 1987 3157 super
2005 3109 2117 3145 metis
2135 3114 2319 3146 terrarum
2340 3107 2518 3157 Episcopi

472 3190 746 3229 Breohinensis
775 3195 815 3226 et
841 3186 1025 3225 Menmor
1056 3184 1106 3222 de
1134 3182 1312 3220 mandato
1341 3178 1505 3228 supremi
1534 3176 1676 3214 domini
1706 3173 1825 3212 nostri
1855 3172 1984 3222 Regis.
2042 3168 2110 3222 [12
2139 3177 2177 3208 et
2208 3172 2254 3208 13
2286 3170 2373 3209 Oct.
2404 3171 2514 3207 1450.

466 3254 520 3291 fo.
538 3267 576 3298 L,
596 3251 651 3306 b.]

289 3385 353 3421 77.
412 3382 556 3420 Citatio
576 3379 707 3419 Alex¹¹·
736 3380 882 3430 Ogilvy
905 3376 1157 3417 Vicecomitis
1176 3375 1223 3413 de
1244 3372 1379 3411 Forfar
1399 3370 1444 3409 ad
1464 3366 1800 3419 perambulandum
1821 3371 1942 3405 terras
1961 3370 2000 3403 et
2019 3370 2138 3403 metas
2157 3364 2255 3402 inter
2272 3361 2518 3400 reuerendum
