2950 3970
1208 539 1668 597 TABULA.
2455 554 2550 606 xiii

386 712 555 751 XXXII.
613 712 917 751 Instrumentum
946 725 1066 762 penes
1097 715 1355 763 capellaniam
1382 717 1430 755 de
1458 717 1680 757 Pettarrow.
1737 719 1814 758 Pro
1840 721 1998 759 seruitio
2026 724 2160 761 secreti
2181 725 2364 773 capellani
2383 726 2429 764 de
2449 728 2546 765 Both

716 775 882 824 Breclay
901 780 940 813 et
962 775 1170 814 Caudham.
1228 774 1271 827 [6
1289 779 1368 816 Jul.
1392 779 1525 832 1442]

366 901 558 940 XXXIII.
617 900 857 939 Fundatione
876 901 922 939 of
945 914 995 951 ye
1017 901 1245 952 Chaplanrie
1266 904 1322 942 Be
1350 918 1399 954 ye
1421 905 1534 944 Laird
1554 907 1611 944 off
1634 906 1800 945 Pittarro
1819 909 1875 945 off
1895 913 1959 947 ten
1979 910 2105 948 merks
2125 919 2189 949 out
2209 913 2266 950 off
2288 913 2459 952 Reidhall
2478 918 2549 954 and

719 965 924 1003 Balfeithe.
981 962 1052 1015 [10
1071 967 1173 1016 Aug.
1198 966 1330 1020 1442]

365 1091 553 1130 XXXIV.
608 1090 835 1205 Resif-{natio
861 1090 909 1191 {Ie
939 1090 1146 1207 Mai-{tomi
1175 1105 1244 1142 per
1273 1093 1507 1132 Willelmum
1538 1094 1743 1134 Folartoun
1774 1102 1918 1145 patrem
1939 1103 1979 1137 et
1996 1099 2175 1139 Jonetam
2201 1102 2358 1152 Ogylvy
2378 1110 2545 1143 matrem.

737 1156 787 1192 24
805 1155 832 1193 J
837 1168 858 1191 u
877 1182 886 1193 .
909 1156 1023 1193 1447.

387 1281 554 1320 XXXV.
614 1281 757 1320 Citatio
776 1280 934 1319 Pati-inii
956 1281 1163 1320 Folartoun
1183 1283 1221 1321 in
1242 1296 1403 1333 persona
1417 1285 1465 1322 ad
1474 1286 1772 1335 'comparendum
1792 1300 1918 1326 coram
1936 1290 2040 1327 dicto
2057 1290 2264 1328 renen-endo
2281 1297 2399 1340 patre,
2419 1292 2549 1342 quinta

718 1343 902 1381 Octobris
921 1357 1022 1382 anno
1040 1347 1223 1394 presenti.
1281 1344 1322 1397 [7
1345 1347 1448 1397 Aug.
1471 1347 1604 1401 1447]

367 1472 555 1510 XXXVI.
611 1471 912 1510 Instrumentum
940 1470 988 1508 de
1017 1470 1271 1509 Maisondieu.
1324 1473 1362 1510 A
1388 1472 1613 1521 disposition
1643 1475 1689 1512 be
1719 1475 1822 1524 King
1848 1477 1979 1515 James
2006 1483 2047 1516 to
2080 1478 2177 1516 Geo.
2209 1478 2368 1517 Scheres
2396 1481 2452 1517 off
2481 1481 2545 1518 the

715 1534 894 1583 hospitall
913 1533 959 1571 of
974 1534 1040 1572 the
1062 1534 1220 1572 Blessed
1240 1534 1376 1582 Virgin
1398 1535 1534 1585 Max-ie.
1589 1532 1656 1586 [19
1681 1537 1770 1575 Oct.
1794 1538 1912 1591 1447]
1962 1555 1965 1557 ·

353 1663 562 1702 XXXVII.
617 1661 787 1700 Donatio
807 1661 968 1700 Roberti
987 1661 1034 1699 de
1054 1661 1164 1711 Hyll.
1220 1658 1290 1711 [10
1311 1661 1409 1700 Dec.
1432 1662 1565 1715 1447]

326 1791 557 1830 XXXVIII.
613 1789 823 1828 Decretum
871 1788 1023 1826 Decani
1068 1794 1108 1826 et
1155 1788 1324 1838 Capituli
1370 1784 1543 1827 E'celesie
1590 1789 1856 1827 Brechinensis
1899 1790 1946 1828 de
1983 1796 2111 1842 magt-⁰·
2156 1792 2329 1831 Gilberto
2377 1794 2548 1832 Forestar

718 1852 988 1891 archidiacono
1006 1852 1191 1903 ejusdem.
1249 1848 1319 1901 [20
1337 1851 1441 1902 Aug.
1463 1853 1562 1889 1448
1581 1850 1596 1903 ]

373 1981 561 2019 XXXIX.
618 1980 681 2019 De
702 1979 955 2018 Procuratore
976 1978 1179 2017 Communi
1201 1977 1382 2028 Capituli.
1440 1976 1509 2030 [20
1531 1980 1632 2029 Aug.
1653 1979 1784 2031 1448]

478 2108 563 2147 XL.
625 2107 943 2155 Transsumptum
971 2106 1166 2144 literarum
1195 2105 1243 2143 de
1273 2104 1557 2144 Constitutione
1587 2106 1796 2155 Capitulari
1827 2106 1998 2145 Ecclesia
2028 2108 2305 2147 Brechinensis.
2363 2109 2425 2161 [21
2456 2111 2545 2148 Jun.

722 2169 857 2223 1449]

453 2300 561 2337 XLI.
618 2297 868 2337 Confirmatio
903 2297 1042 2335 Jacobi
1081 2295 1239 2333 secundi
1277 2294 1396 2344 Regis
1434 2295 1648 2333 Scottorum
1685 2295 1732 2331 de
1768 2299 1988 2333 tenemento
2024 2301 2062 2334 et
2090 2297 2205 2333 certis
2233 2298 2331 2334 acris
2366 2303 2546 2334 terrarum

719 2361 872 2399 donatis
888 2359 1054 2398 Vicariis
1072 2365 1112 2397 et
1133 2358 1350 2408 Capellanis
1372 2358 1483 2396 Chori
1510 2358 1777 2396 Brechinensis
1793 2370 1859 2407 per
1879 2358 2086 2396 Robertum
2103 2359 2151 2396 de
2171 2358 2252 2395 Hill
2271 2364 2309 2396 et
2329 2359 2543 2408 Marjoriam

722 2424 849 2462 Gulde
869 2436 1048 2473 sponsam
1067 2435 1186 2461 suam.
1243 2419 1311 2472 [26
1331 2421 1423 2459 Jan.
1453 2420 1654 2473 1449-50.]

431 2554 558 2593 XLII.
614 2552 819 2603 Inquisitio
850 2551 898 2588 de
933 2550 1018 2588 foro
1056 2548 1306 2587 Brechinensi
1339 2552 1377 2584 et
1411 2546 1552 2585 Itinere
1587 2546 1801 2584 camerarie
1829 2545 2010 2583 eiusdem.
2066 2545 2186 2595 Right
2217 2547 2273 2583 off
2303 2547 2366 2584 the
2398 2548 2545 2585 weiklie

724 2615 894 2653 Mercatt
912 2614 987 2651 and
1006 2613 1156 2651 libertie
1177 2612 1221 2650 of
1235 2612 1299 2649 the
1319 2615 1456 2649 waters
1476 2610 1532 2647 off
1546 2609 1626 2647 Esk
1646 2609 1719 2646 and
1741 2609 1838 2658 Tay.
1894 2606 1958 2659 [21
1979 2609 2004 2646 J
2009 2608 2056 2645 ul.
2080 2606 2209 2659 1450]

420 2745 570 2783 XLIII.
626 2743 758 2781 Litera
776 2740 1045 2779 Procuratoria
1063 2739 1092 2777 J
1096 2739 1255 2777 ohannis
1274 2737 1322 2775 de
1343 2736 1579 2786 Lychtowne
1598 2735 1730 2774 decani
1754 2734 2033 2772 Brechinensis.
2089 2731 2157 2784 [16
2179 2734 2276 2773 Dec.
2299 2734 2429 2788 1450]

420 2871 566 2910 XLIV.
622 2871 923 2909 lustramentum
953 2867 1001 2904 de
1031 2865 1277 2904 Institutione
1304 2863 1447 2900 domini
1474 2861 1635 2900 Henrici
1662 2860 1846 2899 Falconer
1864 2860 1901 2897 in
1921 2859 2165 2909 capellaniam
2196 2861 2332 2899 Sancte
2353 2861 2546 2899 Trinitatis

717 2934 765 2970 de
785 2932 977 2970 Montros.
1032 2926 1102 2980 [20
1120 2928 1213 2966 Jan.
1235 2925 1408 2978 1450-1.]

436 3061 560 3100 XLV.
618 3060 682 3098 De
708 3060 805 3098 Jure
834 3057 1046 3095 Molendiui
1075 3056 1123 3093 de
1154 3053 1346 3102 Achduuy
1374 3058 1412 3091 et
1440 3049 1712 3089 consuetudine
1741 3047 1907 3086 eiusdem
1932 3052 1971 3085 et
1988 3047 2132 3086 fabrilis
2160 3048 2339 3097 Episcopi
2367 3048 2544 3086 Brechin-

719 3122 834 3161 ensis.
891 3119 959 3173 [19
981 3121 1079 3158 Mar.
1102 3116 1281 3170 1450-1]

422 3250 567 3290 XLVI.
623 3249 944 3297 Transsumptum
972 3246 1020 3283 de
1047 3243 1167 3282 literis
1197 3240 1379 3281 carissimi
1413 3238 1569 3276 Domini
1600 3235 1718 3285 Regis
1747 3234 1923 3283 Capitulo
1952 3234 2196 3273 Brechinensi
2226 3247 2293 3283 pro
2322 3234 2468 3272 Vicaria
2496 3235 2542 3271 de

721 3309 1050 3359 Quorchtoqwhy.
1106 3304 1177 3358 [10
1197 3304 1322 3355 April.
1347 3300 1478 3353 1451]
