2950 3970
521 642 632 694 224
685 642 1150 697 REGISTRUM
1188 642 1728 697 EPISCOPATUS
1771 642 2363 698 BREOHINENSIS.

522 831 738 893 exceptis
774 831 1010 878 duntaxat
1049 859 1059 869 ·
1098 831 1293 878 Necnon
1337 835 1563 893 quattuor
1605 827 1741 879 acras
1774 835 2005 878 terrarum
2033 832 2250 894 contigue
2275 832 2463 878 coadia-

523 922 686 966 centes
709 919 770 965 ad
794 919 934 966 finem
961 918 1242 966 orientalem
1266 918 1392 981 apud
1415 917 1460 965 le
1487 917 1737 980 Myltoune
1776 919 1834 965 de
1873 918 2093 980 Carmyle
2127 934 2327 966 unacum
2351 935 2463 966 acra

523 1009 651 1053 terre
688 1007 745 1053 de
770 1006 815 1054 le
851 1008 992 1055 suard
1031 1007 1104 1054 vel
1140 1007 1310 1054 medou
1346 1022 1431 1070 pro
1466 1011 1661 1070 pastura
1695 1006 1968 1054 animalium
2007 1006 2195 1069 jacente
2231 1023 2291 1054 ex
2326 1011 2462 1070 parte

522 1095 721 1142 australi
747 1097 1047 1159 aqueductus
1071 1095 1330 1143 molendini
1355 1095 1564 1143 eiusdem
1591 1099 1640 1142 et
1666 1096 1838 1143 toftum
1868 1099 1917 1142 et
1941 1095 2130 1142 hortum
2151 1095 2196 1141 in
2217 1095 2462 1143 antedicto

522 1182 567 1230 le
599 1183 849 1245 Myltoune
874 1201 980 1231 cum
1005 1184 1242 1231 communi
1267 1188 1465 1247 pastura
1488 1188 1714 1247 quattuor
1748 1199 1995 1230 vaccarum
2034 1198 2139 1230 cum
2175 1181 2379 1246 sequelis
2415 1183 2461 1229 in

523 1273 863 1320 communitate
901 1273 959 1320 de
1000 1272 1229 1335 Kermyle
1265 1277 1314 1319 et
1352 1271 1550 1335 triginta
1584 1271 1742 1319 ouium
1778 1276 1827 1319 et
1863 1271 2001 1319 unius
2017 1271 2221 1333 juuence
2247 1287 2350 1318 cum
2377 1287 2462 1318 suo

525 1360 655 1422 pullo
674 1361 714 1409 si
733 1361 906 1409 habeat
926 1378 1068 1408 unum
1090 1361 1226 1409 unius
1251 1360 1358 1424 equi
1381 1364 1430 1408 et
1450 1361 1587 1408 unius
1606 1375 1748 1407 vacce
1767 1363 1995 1423 quattuor
2011 1375 2261 1407 vaccarum
2280 1360 2463 1423 predic-

524 1458 679 1501 tarum
716 1455 1055 1516 pascendorum
1093 1455 1172 1501 ubi
1197 1454 1305 1517 equi
1330 1458 1379 1502 et
1404 1469 1545 1501 vacce
1571 1453 1662 1500 mei
1686 1452 1862 1516 proprii
1886 1456 2144 1516 pascuntur
2168 1451 2288 1499 infra
2310 1457 2464 1500 terras

525 1547 574 1590 et
593 1546 834 1605 pasturam
854 1559 1005 1590 meam
1027 1543 1084 1590 de
1102 1542 1321 1604 Carmyle
1341 1543 1388 1590 in
1404 1557 1569 1605 puram
1591 1545 1640 1589 et
1658 1545 1933 1604 perpetuam
1953 1541 2255 1589 elemosinam
2275 1542 2463 1588 domino

530 1630 784 1678 Malcolmo
823 1630 1014 1678 Struble
1038 1630 1286 1694 capellano
1321 1635 1370 1678 et
1405 1630 1664 1694 capellanis
1709 1646 1794 1693 pro
1830 1635 2060 1693 perpetuo
2085 1629 2392 1678 celebraturis
2417 1631 2463 1677 in

524 1718 708 1782 capella
724 1718 1058 1782 gloriosissime
1084 1735 1140 1766 ac
1165 1719 1440 1767 beatissime
1465 1719 1657 1779 virginis
1679 1718 1833 1765 Marie
1861 1719 1918 1765 de
1946 1718 2174 1780 Kermyle
2199 1735 2284 1781 pro
2309 1718 2462 1766 salute

525 1806 910 1855 excellentissimi
936 1807 1160 1871 principis
1183 1807 1216 1853 J
1221 1807 1355 1855 acobi
1383 1808 1528 1869 Regis
1554 1809 1803 1855 Scotorum
1831 1807 1977 1870 Regis
2001 1808 2159 1871 quarti
2193 1811 2463 1856 antecesso-

525 1913 628 1943 rum
653 1901 702 1944 et
726 1911 1047 1944 successorum
1074 1912 1262 1943 suorum
1289 1912 1470 1943 necnon
1496 1911 1580 1958 pro
1605 1895 1757 1943 salute
1794 1895 2172 1943 reuerendissimi
2197 1896 2243 1942 in
2271 1896 2460 1943 Christo

524 1989 674 2051 patris
701 1988 931 2036 Willelmi
960 1989 1185 2052 Episcopi
1212 1989 1545 2038 Brechinensis
1563 2005 1620 2037 ac
1639 1989 1784 2036 etiam
1803 2005 1888 2052 pro
1908 1988 2060 2036 salute
2080 1989 2234 2036 anime
2253 2005 2356 2037 mee
2374 1990 2407 2036 J
2413 2005 2461 2036 o-

525 2082 634 2124 nete
661 2078 984 2124 Drummonde
1003 2093 1173 2140 sponse
1199 2094 1300 2124 mee
1325 2077 1578 2125 liberorum
1604 2082 1870 2125 nostrorum
1895 2083 2252 2139 nostrorumque
2271 2081 2458 2140 patrum

524 2171 572 2212 et
598 2170 799 2212 matrum
825 2169 1174 2214 antecessorum
1196 2170 1244 2213 et
1263 2182 1586 2214 successorum
1605 2182 1662 2213 ac
1682 2166 1886 2213 omnium
1907 2165 2113 2213 fidelium
2133 2165 2459 2213 defunctorum

525 2255 796 2302 Tenendum
818 2258 866 2302 et
886 2254 1150 2301 habendum
1170 2255 1438 2302 antedictos
1452 2271 1632 2302 annuos
1651 2254 1862 2302 redditus
1880 2269 2016 2302 acras
2033 2258 2266 2301 terrarum
2284 2254 2459 2302 toftum

523 2347 571 2389 et
591 2343 780 2390 hortum
799 2358 904 2390 cum
929 2347 1126 2405 pastura
1148 2342 1419 2389 animalium
1445 2343 1584 2390 modo
1610 2348 1658 2390 et
1682 2343 1833 2390 forma
1851 2342 2078 2406 predictis
2096 2358 2201 2389 cum
2222 2343 2459 2406 pertinen-

519 2430 602 2477 tiis
627 2431 869 2478 antedicto
898 2429 1152 2478 Malcolmo
1177 2430 1423 2494 capellano
1447 2447 1531 2494 pro
1555 2435 1660 2479 toto
1684 2435 1898 2494 tempore
1923 2431 2018 2478 vite
2042 2447 2124 2478 sue
2149 2430 2346 2494 aliisque
2382 2447 2459 2478 ca-

521 2517 721 2580 pellanis
743 2523 851 2581 post
876 2519 977 2566 eius
1001 2519 1244 2567 decessum
1281 2519 1329 2566 in
1365 2520 1495 2567 dicta
1519 2519 1702 2583 capella
1730 2519 2075 2583 imperpetuum
2110 2519 2458 2568 celebrantibus

520 2611 568 2654 et
596 2607 904 2655 celebraturis
928 2607 975 2654 in
1000 2624 1166 2670 puram
1191 2612 1240 2655 et
1265 2612 1543 2672 perpetuam
1569 2607 1872 2655 elemosinam
1898 2624 1928 2655 a
1951 2624 2026 2655 me
2049 2607 2302 2656 heredibus
2341 2609 2458 2656 meis

520 2699 569 2742 et
605 2695 952 2743 successoribus
993 2695 1345 2758 quibuscunque
1379 2695 1527 2744 libere
1566 2724 1577 2733 ·
1616 2725 1626 2734 ·
1666 2724 1676 2734 ·
1711 2696 1838 2744 sicut
1878 2695 2038 2760 aliqua
2079 2695 2334 2744 elemosina
2371 2697 2456 2744 ali—

520 2784 596 2830 cui
633 2782 879 2846 capellano
903 2783 1026 2830 infra
1049 2800 1241 2846 regnum
1271 2785 1432 2832 Scotie
1457 2784 1784 2833 elemosinario
1821 2785 1962 2832 datur
1999 2813 2009 2822 ·
2048 2812 2059 2822 ·
2096 2811 2106 2820 ·
2144 2800 2228 2833 seu
2252 2786 2454 2833 conferri

519 2863 792 2919 dinoscitur'
814 2899 824 2908 ·
864 2899 874 2908 ·
914 2899 923 2908 ·
960 2887 1066 2918 cum
1090 2871 1239 2919 libera
1263 2876 1312 2920 et
1337 2871 1550 2935 plenaria
1572 2876 1812 2936 potestate
1847 2873 1907 2920 ad
1943 2874 2224 2920 namandum
2269 2877 2318 2921 et
2359 2875 2453 2923 dis-

515 2959 813 3021 tringendum
838 2959 1076 3022 sepefatas
1099 2963 1253 3008 terras
1278 2976 1385 3007 cum
1409 2954 1710 3024 pertinentiis
1732 2977 1818 3024 pro
1841 2961 2070 3024 predictis
2093 2961 2262 3009 annuis
2297 2963 2452 3009 reddi-

514 3048 643 3095 tibus
667 3051 716 3095 et
739 3063 825 3110 pro
849 3046 1061 3110 qualibet
1086 3047 1321 3111 particula
1345 3050 1600 3096 eorundem
1624 3049 1802 3097 totiens
1826 3049 2045 3112 quotiens
2082 3065 2199 3112 opus
2234 3050 2376 3098 fuerit
2401 3057 2450 3099 et

515 3137 572 3182 de
589 3136 697 3196 jure
720 3134 883 3183 licebit
907 3135 1008 3183 sine
1033 3134 1227 3183 licentia
1250 3136 1449 3184 alicuius
1472 3136 1674 3184 ministri
1692 3136 1816 3198 juris
1850 3135 2110 3199 spiritualis
2146 3152 2229 3185 seu
2266 3142 2449 3202 tempo-

512 3223 624 3271 ralis
670 3227 913 3271 reseruato
960 3223 1103 3270 michi
1140 3227 1189 3271 et
1225 3224 1477 3272 heredibus
1513 3225 1630 3273 meis
1658 3226 1765 3286 jure
1811 3228 2094 3288 patronatus
2142 3228 2447 3288 presentandi

507 3310 800 3374 capellanum
826 3315 909 3358 aut
934 3311 1203 3374 capellanos
1226 3313 1402 3361 totiens
1438 3303 1658 3375 quotiens
1695 3312 1946 3375 contigerit
1982 3329 2147 3361 vacare
2188 3342 2196 3351 ·
2237 3343 2246 3351 ·
2286 3342 2298 3352 ·
2335 3315 2449 3362 Pre-
