2950 3970
569 673 1037 732 REGISTRUM
1075 678 1620 736 EPISOOPATUS
1661 682 2255 742 BREOHINENSIS.
2310 687 2412 741 121

439 973 468 1002 κε
493 950 569 999 Β6
594 951 869 1003 deliberatis
891 955 939 1002 in
965 957 1172 1019 capitulo
1210 986 1219 995 -
1258 959 1601 1022 Inquisitioune
1624 977 1746 1024 vpon
1763 978 1821 1025 ye
1842 963 2000 1026 Paipis
2025 962 2133 1010 Bull
2155 967 2207 1010 to
2225 967 2412 1010 certane

491 1041 718 1090 chauonis
740 1043 814 1091 for
836 1045 1026 1107 making
1049 1051 1272 1109 payment
1296 1047 1364 1095 off
1381 1052 1571 1096 certane
1602 1050 1880 1098 taxaciones
1917 1079 1926 1088 ·

402 1218 464 1264 65
500 1188 577 1269 In
615 1222 709 1271 Dei
744 1225 932 1272 nomine
970 1227 1125 1274 Amen
1162 1254 1172 1265 ·
1212 1256 1222 1265 ·
1261 1256 1270 1266 ·
1307 1233 1471 1292 pateat
1495 1230 1740 1279 euidenter
1764 1231 1887 1294 quod
1912 1246 2034 1278 anno
2060 1230 2410 1278 Incarnacionis

490 1311 741 1374 Dominice
764 1313 1013 1363 millesimo
1038 1316 1494 1380 quadringentesimo
1530 1319 1885 1386 quadragesimo
1909 1322 2078 1366 octauo
2102 1318 2276 1366 mensis
2303 1333 2408 1364 vero

489 1402 692 1464 Augusti
729 1402 894 1451 diebus
929 1403 1237 1452 decimanona
1271 1409 1320 1453 et
1354 1405 1576 1454 vicesima
1614 1434 1624 1443 ·
1661 1407 1927 1455 Indictione
1951 1406 2198 1454 undecima
2222 1406 2407 1468 pontifi-

487 1495 624 1539 catus
668 1491 954 1540 sanctissimi
1012 1493 1060 1539 in
1118 1492 1275 1541 Cristo
1320 1494 1470 1557 patris
1507 1523 1516 1532 ·
1557 1522 1567 1532 ·
1607 1523 1615 1532 -
1653 1494 1828 1542 domini
1883 1493 2112 1557 Nycholai
2148 1521 2159 1531 ·
2198 1522 2207 1530 ·
2247 1522 2256 1530 ·
2292 1509 2410 1555 pape

488 1580 640 1643 quinti
675 1595 800 1628 anno
834 1581 1041 1629 secundo
1079 1609 1088 1618 ·
1128 1610 1138 1619 ·
1177 1609 1187 1619 ·
1224 1582 1498 1646 Comparuit
1533 1583 1581 1630 in
1616 1583 1824 1646 capitulo
1859 1582 2162 1630 Brechinensi
2196 1598 2408 1628 reueren-

488 1670 576 1717 dus
611 1669 660 1716 in
699 1668 858 1718 Cristo
895 1673 1033 1732 pater
1067 1670 1314 1718 Johannes
1350 1671 1597 1734 episcopus
1636 1671 1966 1719 Brechinensis
2003 1686 2107 1718 cum
2143 1671 2319 1717 decano
2360 1676 2408 1717 et

487 1756 725 1806 nonnullis
771 1758 1012 1806 canonicis
1059 1758 1185 1806 dicte
1221 1758 1419 1807 ecclesie
1465 1759 1660 1807 inferius
1705 1759 2001 1807 nominandis
2046 1759 2107 1806 ad
2154 1758 2407 1820 capitulum

487 1846 706 1909 generale
741 1863 826 1910 per
859 1848 1039 1895 dictum
1074 1848 1381 1895 reuerendum
1415 1852 1599 1911 patrem
1633 1853 1683 1895 et
1720 1849 1946 1895 decanum
1987 1848 2046 1894 ad
2088 1848 2406 1894 duodecimam

489 1935 614 1983 diem
637 1935 672 1982 J
676 1935 760 1983 ulii
782 1935 951 1984 ultimo
975 1935 1096 1999 lapsi
1132 1936 1190 1983 de
1226 1935 1538 1999 quadraginta
1561 1935 1724 1984 diebus
1747 1936 1806 1983 ab
1831 1940 1940 1983 ante
1965 1935 2248 1984 sufficienter
2271 1950 2406 1981 voca-

487 2029 590 2073 tum
629 2053 639 2062 -
678 2025 744 2073 Et
767 2040 915 2089 usque
939 2026 1000 2072 ad
1025 2025 1427 2072 decimamnonam
1459 2025 1582 2072 diem
1617 2025 1789 2073 mensis
1813 2025 2013 2087 Augusti
2037 2040 2141 2071 cum
2166 2024 2406 2070 continua-

488 2115 618 2162 tione
662 2114 842 2162 dierum
883 2130 969 2178 per
1009 2114 1163 2162 dictos
1202 2114 1509 2160 reuerendum
1555 2117 1737 2176 patrem
1783 2117 1832 2160 et
1880 2113 2107 2160 decanum
2153 2128 2256 2159 cum
2304 2111 2409 2158 aliis

489 2204 730 2252 canonicis
752 2208 868 2252 tunc
890 2202 1188 2266 presentibus
1210 2217 1273 2249 ex
1297 2201 1440 2250 certis
1463 2201 1616 2249 causis
1641 2200 2000 2248 racionabilibus
2035 2200 2357 2247 continuatum
2397 2226 2405 2235 ·

489 2294 642 2357 Super
664 2292 809 2341 certis
832 2296 882 2340 et
906 2291 1105 2340 diuersis
1127 2289 1339 2338 articulis
1373 2294 1422 2337 et
1457 2289 1643 2352 punctis
1678 2290 1898 2336 honorem
1935 2292 1983 2336 et
2017 2287 2270 2335 utilitatem
2295 2288 2409 2334 dicti

488 2381 684 2445 capituli
729 2381 1033 2444 tangentibus
1080 2379 1209 2427 dicta
1257 2378 1531 2426 duodecima
1577 2378 1652 2425 die
1693 2378 1726 2424 J
1731 2376 1813 2424 ulii
1849 2377 1895 2423 in
1933 2376 2139 2439 capitulo
2186 2374 2406 2438 perlectis

490 2476 538 2519 et
562 2472 672 2518 hinc
697 2471 806 2518 inde
829 2486 915 2534 pro
939 2469 1232 2517 auisamento
1255 2467 1471 2514 habendo
1495 2466 1733 2514 canonicis
1757 2465 2020 2513 distributis
2042 2468 2094 2512 ut
2119 2463 2275 2511 omnia
2299 2479 2407 2510 con-

489 2565 619 2610 stant
665 2577 751 2624 per
792 2560 1154 2609 instrumentum
1200 2555 1438 2620 publicum
1490 2555 1621 2617 signo
1681 2557 1730 2601 et
1789 2552 2128 2615 subscriptione
2174 2552 2207 2597 J
2212 2551 2407 2598 ohannis

490 2651 612 2699 Steil
657 2650 832 2699 notarii
871 2648 1048 2713 publici
1093 2646 1326 2708 signatum
1374 2645 1431 2690 de
1479 2643 1608 2690 dicta
1654 2641 1930 2689 duodecima
1975 2640 2050 2687 die
2095 2640 2129 2686 J
2134 2638 2215 2686 ulii
2253 2651 2276 2676 -’
2302 2639 2406 2692 Quo

488 2740 748 2788 reuerendo
781 2742 918 2803 patre
953 2751 1060 2784 cum
1097 2735 1275 2782 decano
1310 2737 1358 2780 et
1393 2730 1627 2779 nonnullis
1661 2728 1897 2777 canonicis
1919 2728 1967 2774 in
1991 2723 2207 2790 capitulo
2221 2742 2409 2788 congre-

487 2829 612 2891 gatis
658 2829 784 2876 inter
823 2826 918 2874 alia
958 2840 1043 2888 per
1082 2823 1260 2870 dictum
1301 2820 1605 2867 reuerendum
1655 2821 1836 2881 patrem
1883 2815 2124 2879 proposita
2162 2815 2275 2862 fecit
2316 2814 2405 2876 legi

489 2919 740 2982 quamdam
780 2915 956 2963 bullam
999 2928 1160 2962 sanam
1202 2913 1251 2957 et
1291 2910 1519 2970 integram
1560 2904 1842 2954 sanctissimi
1883 2903 2057 2951 domini
2096 2902 2245 2950 nostri
2286 2917 2406 2965 pape

489 3006 691 3069 Eugenii
714 3006 835 3053 bone
858 3002 1082 3050 memorie
1107 3000 1164 3046 de
1188 2995 1538 3046 confirmatione
1568 2993 1806 3041 cuiusdam
1841 2991 2010 3040 statuti
2044 2991 2159 3038 editi
2194 3006 2279 3053 per
2312 2991 2408 3037 dic-

486 3101 588 3144 tum
614 3093 873 3158 capitulum
898 3095 947 3140 et
971 3091 1019 3138 in
1045 3089 1175 3136 dicta
1199 3085 1327 3134 bulla
1350 3086 1408 3131 de
1434 3083 1573 3131 verbo
1597 3082 1645 3128 in
1668 3081 1858 3128 verbum
1882 3078 2046 3127 inserti
2080 3079 2138 3125 (16
2172 3077 2405 3125 nonnullis

487 3183 791 3247 pecuniarum
826 3179 1020 3230 summis
1054 3182 1103 3224 et
1137 3173 1386 3223 taxacione
1421 3172 1651 3218 dictorum
1677 3167 1900 3231 Episcopi
1924 3166 2089 3214 decani
2123 3169 2173 3213 et
2207 3165 2402 3213 aliorum

487 3274 818 3321 canonicorum
853 3284 938 3332 pro
984 3261 1368 3328 augmentacione
1405 3273 1657 3322 capparum
1695 3255 1824 3303 chori
1863 3253 2192 3302 Brechinensis
2228 3280 2238 3290 ·
2273 3252 2399 3299 ffecit

488 3363 637 3410 eciam
661 3359 753 3422 legi
777 3357 1011 3422 quoddam
1047 3353 1406 3401 instrumentum
1442 3347 1500 3394 de
1534 3361 1658 3393 anno
1693 3343 1885 3392 Domini
1919 3340 2164 3390 millesimo
2189 3340 2404 3403 quadrin-

1450 3436 1510 3482 16
