2950 3970
563 618 674 675 162
738 618 1200 710 REGISTRUM
1236 619 1776 678 EPISCOPATUS
1816 620 2410 678 BRECHINENSIS.

567 808 774 858 testibus
803 808 852 857 in
889 808 984 859 illis
1022 808 1266 873 requisitis
1301 800 1573 874 specialiter
1608 813 1658 858 et
1695 809 1872 873 rogatis
1911 824 2019 858 eum
2042 779 2270 860 *manibus
2304 812 2500 860 duorum

567 896 857 945 notariorum
892 897 942 945 iu
977 897 1188 962 margine
1222 897 1406 946 scilicet
1433 898 1655 961 Magistri
1678 898 1713 945 J
1716 898 1916 948 ohannis
1940 900 2135 950 Arowss
2159 900 2501 949 Sanctiandree

568 985 785 1035 dioecesis
819 984 995 1048 publici
1028 986 1286 1035 autoritate
1310 985 1542 1050 imperiali
1575 987 1752 1036 notarii
1790 1015 1800 1026 ·
1837 987 1905 1037 Et
1940 987 2102 1037 Dauid
2138 989 2264 1038 Reid
2302 988 2504 1053 Glasgu-

568 1079 693 1128 ensis
711 1079 925 1128 dioecesis
941 1079 1118 1143 publici
1135 1080 1395 1129 autoritate
1415 1079 1648 1144 imperiali
1666 1080 1842 1130 notarii
1879 1108 1891 1120 ·
1928 1081 2081 1146 Super
2098 1081 2268 1146 quibus
2286 1081 2503 1131 omnibus

568 1172 617 1216 et
662 1167 856 1231 singulis
901 1168 1114 1232 prefatus
1157 1169 1442 1218 reuerendus
1487 1173 1626 1232 pater
1670 1185 1701 1217 a
1745 1169 1882 1219 nobis
1926 1169 2126 1219 notariis
2158 1170 2361 1234 publicis
2393 1170 2504 1219 sub-

567 1256 757 1320 scriptis
792 1256 882 1306 sibi
918 1256 1019 1306 fieri
1052 1256 1193 1321 petiit
1215 1256 1456 1321 publicum
1480 1256 1845 1306 instrumentum
1868 1272 1952 1307 seu
1974 1257 2165 1322 publica
2188 1258 2504 1307 instrumenta

568 1361 711 1393 unum
769 1344 845 1394 vel
902 1345 1039 1409 plura
1088 1374 1099 1384 -
1146 1347 1271 1394 Acta
1328 1346 1521 1394 fuerunt
1578 1346 1668 1394 hec
1729 1346 1847 1395 hora
1891 1345 2171 1395 duodecima
2215 1346 2264 1394 in
2309 1345 2505 1394 meridie

567 1438 650 1483 aut
696 1435 882 1483 eocirca
927 1435 1014 1484 sub
1061 1450 1186 1483 anno
1230 1449 1392 1483 mense
1441 1434 1518 1482 die
1564 1434 1824 1483 indictione
1857 1434 2138 1499 pontificatu
2183 1438 2233 1483 et
2277 1434 2384 1484 loco
2428 1450 2534 1504 su-'

566 1523 795 1587 pradiotis
831 1551 842 1561 ·
879 1523 1185 1572 Presentibus
1224 1508 1398 1571 ibidem
1438 1522 1786 1573 venerabilibus
1822 1523 1936 1573 viris
1978 1523 2224 1588 Magistris
2261 1523 2505 1587 Stephano

567 1612 755 1675 Anguss
807 1611 1105 1662 thezaurario
1160 1612 1472 1660 Brechinensi
1528 1615 1578 1661 et
1630 1611 1666 1658 J
1669 1612 1855 1661 ohanne
1916 1612 2227 1676 Monypenny
2277 1611 2505 1660 canonico

567 1700 876 1749 Brechinensi
912 1715 1020 1748 cum
1056 1699 1221 1750 multis
1261 1700 1368 1750 aliis
1405 1700 1610 1750 testibus
1645 1701 1708 1748 ad
1745 1699 1978 1765 premissa
2013 1700 2197 1750 vocatis
2235 1699 2416 1764 pariter
2455 1703 2506 1748 et

566 1789 744 1852 rogatis
790 1816 802 1827 ·
852 1789 917 1837 Et
957 1804 1044 1852 ego
1091 1788 1367 1837 Alexander
1413 1788 1592 1838 Thome
1628 1789 1878 1852 presbyter
1916 1787 2251 1837 Brechinensis
2287 1787 2507 1837 dioecesis

563 1876 780 1940 publicus
823 1877 1084 1933 autoritate
1129 1876 1364 1941 imperiali
1409 1876 1628 1926 notarius
1680 1904 1692 1916 -
1742 1877 1868 1932 Quia
1927 1876 2138 1925 omnium
2184 1876 2505 1940 predictarum

565 1965 830 2015 litterarum
857 1965 1182 2015 citatoriarum
1219 1966 1268 2014 in
1297 1965 1481 2028 judicio
1516 1965 1863 2029 presentationi
1899 1968 1950 2013 et
1985 1964 2168 2014 lecture
2205 1966 2505 2029 omniumque

565 2055 760 2104 testium
776 2055 1058 2118 juramentis
1080 2059 1130 2103 et
1153 2054 1527 2118 depositionibus
1549 2069 1734 2102 necnon
1757 2057 1806 2103 et
1831 2053 2073 2117 copiarum
2109 2053 2425 2117 exemptionis
2454 2057 2504 2101 et

567 2142 902 2193 executorialis
947 2143 1065 2191 dicti
1110 2142 1431 2191 archidiaconi
1477 2141 1699 2205 petitioni
1734 2140 2053 2206 responsionis
2088 2144 2136 2189 et
2173 2140 2506 2206 appellationis

567 2232 798 2282 oblationi
850 2231 1116 2296 ceterisque
1169 2231 1411 2296 premissis
1448 2259 1457 2268 ·
1497 2259 1508 2268 ·
1546 2257 1558 2269 ·
1593 2245 1789 2294 presens
1847 2229 2041 2278 interfui
2078 2256 2090 2271 .
2128 2257 2139 2267 .
2177 2256 2188 2268 .
2223 2229 2357 2293 signo
2394 2257 2405 2268 ·
2443 2258 2454 2268 ·
2493 2258 2504 2268 ·

567 2321 750 2384 signaui
786 2349 797 2360 ·
835 2349 845 2359 ·
884 2349 895 2359 ·
930 2320 1092 2370 volens
1106 2319 1252 2368 etiam
1272 2319 1397 2383 quod
1413 2319 1541 2368 omni
1559 2322 1721 2368 careat
1740 2318 2007 2383 suspicione
2044 2344 2055 2355 ·
2092 2317 2256 2366 Alexr.
2276 2318 2456 2366 Thome
2493 2346 2504 2356 ·

570 2411 637 2459 Et
660 2426 747 2474 ego
773 2409 932 2459 David
957 2408 1155 2459 Andree
1194 2435 1204 2446 ·
1244 2436 1254 2446 ·
1294 2436 1304 2446 ·
1339 2407 1552 2456 notarius
1591 2435 1601 2445 ·
1641 2435 1652 2445 ·

572 2610 855 2674 Preeeptum
882 2609 1006 2673 regis
1040 2609 1098 2657 de
1133 2607 1464 2658 obseruatione
1491 2610 1727 2656 metarum
1762 2605 1886 2654 inter
1919 2606 2190 2670 episcopum
2217 2605 2504 2654 Brechinen-

571 2714 670 2747 sem
694 2702 744 2746 et
766 2696 1081 2762 portionarios
1104 2697 1163 2745 de
1187 2696 1410 2744 Menmur
1446 2723 1457 2733 ·
1664 2705 1670 2707 ·

485 2851 548 2900 79
581 2819 634 2896 J
637 2869 769 2903 ames
799 2854 860 2902 be
882 2869 942 2917 ye
964 2868 1104 2925 grace
1139 2852 1194 2901 of
1227 2851 1335 2900 God
1359 2850 1518 2914 Kinge
1541 2850 1598 2899 of
1629 2850 1810 2899 Scottis
1834 2849 1906 2898 To
1942 2864 2030 2898 our
2064 2848 2228 2899 schref
2251 2849 2305 2897 of
2336 2849 2506 2897 Forfar

573 2943 667 2990 and
688 2942 764 2991 his
786 2942 973 3005 deputis
995 2940 1207 3004 gretinge
1243 2939 1332 2988 ffor
1365 2937 1593 2988 alsmekle
1625 2953 1681 2987 as
1717 2937 1756 2987 it
1787 2937 1830 2986 is
1861 2935 2169 3002 complenzeit
2202 2936 2262 2985 til
2294 2952 2350 2986 us
2383 2937 2442 2985 be
2476 2954 2506 2984 a

575 3031 803 3078 reuerend
825 3029 972 3078 fathir
1005 3029 1055 3077 in
1089 3028 1219 3078 Crist
1251 3043 1311 3091 ye
1345 3026 1541 3090 bischop
1575 3026 1629 3074 of
1660 3025 1893 3074 Brechine
1916 3026 2010 3074 and
2042 3041 2104 3088 ye
2138 3025 2339 3089 chaptur
2365 3026 2420 3074 of
2445 3042 2506 3088 ye

572 3134 765 3181 samyne
803 3118 912 3168 that
950 3118 984 3165 J
987 3118 1109 3166 hone
1150 3117 1204 3165 of
1238 3115 1431 3164 Cullace
1476 3114 1543 3162 off
1583 3115 1805 3187 Mennim·
1836 3112 2104 3178 wrangusly
2148 3113 2368 3177 occupeis
2411 3114 2505 3161 and

571 3206 785 3255 manui-is
807 3209 999 3254 certane
1023 3204 1178 3254 landis
1199 3205 1293 3252 and
1316 3203 1518 3253 boundis
1539 3206 1829 3267 pertenynge
1851 3206 1905 3251 to
1926 3217 1987 3266 ye
2011 3201 2157 3252 saidis
2191 3202 2386 3266 bischop
2409 3202 2503 3250 and

573 3295 774 3359 eheptur
809 3293 864 3342 of
895 3292 1130 3342 Brechine
1168 3309 1227 3356 ye
1265 3291 1473 3356 quhilkis
1495 3307 1596 3342 war
1619 3290 1801 3340 deuidit
1823 3290 1990 3340 betuix
2017 3289 2145 3355 yaim
2179 3291 2274 3339 and
2306 3305 2367 3354 ye
2400 3290 2504 3339 said
