2950 3970
679 592 1151 652 REGISTRUM
1191 599 1733 659 EPISCOPATUS
1773 605 2360 667 BRECHINENSIS.
2400 612 2470 670 37

538 795 600 842 ye
640 784 742 843 tym
781 783 836 829 of
866 799 953 831 our
988 787 1229 848 gowernal
1265 789 1323 836 til
1360 790 1526 838 enduir
1547 796 1599 840 to
1623 809 1724 842 zow
1746 798 1798 842 to
1821 795 1880 843 be
1904 797 2117 853 schawit,
2140 800 2232 846 and
2255 799 2370 847 with
2405 817 2463 863 ye

538 869 641 917 said
675 869 872 935 bischop
907 876 960 921 to
995 875 1216 932 remaine,
1252 894 1324 926 we
1360 879 1445 926 haf
1472 885 1578 942 gart
1612 886 1698 945 put
1733 898 1793 945 ye
1828 883 1921 946 grit
1946 884 2033 933 seil
2055 886 2107 934 of
2138 903 2223 934 our
2245 889 2388 943 office,
2413 893 2464 936 at

539 957 700 1015 Perth,
723 975 783 1022 ye
807 963 938 1023 tyme
973 963 1028 1010 of
1057 979 1142 1011 our
1174 966 1350 1014 chekar
1371 967 1535 1016 haldin
1571 970 1618 1016 in
1655 987 1714 1033 ye
1750 988 1817 1018 xx
1853 973 1945 1036 day
1967 974 2021 1022 of
2048 974 2081 1021 J
2086 975 2194 1037 unij,
2218 991 2277 1038 ye
2301 976 2395 1023 zeir
2417 977 2474 1036 of*

538 1062 624 1094 our
647 1047 775 1096 Lord
805 1049 825 1111 j
863 1051 1098 1100 thousand
1122 1053 1229 1102 four
1251 1056 1484 1105 hundreth
1511 1059 1604 1106 and
1627 1059 1795 1122 fyften,
1830 1062 1924 1108 and
1959 1063 2012 1110 of
2041 1079 2125 1110 our
2146 1063 2382 1126 gouernall
2403 1081 2461 1126 ye

536 1139 653 1184 tent,

535 1337 680 1385 Carta
718 1340 1087 1390 confirmationis
1120 1343 1154 1389 J
1159 1344 1355 1394 ohannis
1393 1346 1585 1395 Conane
1622 1348 1751 1395 facta
1786 1365 1870 1412 per
1910 1350 2104 1398 fratrem
2131 1350 2454 1398 Alexandrum

538 1426 825 1476 Lichttoune
847 1429 1050 1478 militem
1076 1432 1254 1480 ordinis
1277 1435 1429 1482 sancti
1456 1435 1487 1482 J
1492 1436 1688 1484 ohannis
1710 1436 1743 1482 J
1748 1437 2108 1486 erosolomitani.

446 1579 511 1628 27
546 1551 833 1634 Uniuersis
857 1592 1021 1635 sancte
1045 1590 1211 1638 matris
1236 1591 1434 1639 ecclesie
1458 1593 1565 1641 filiis
1588 1594 1646 1640 ad
1674 1609 1790 1656 quos
1812 1596 2053 1656 presentes
2076 1591 2234 1639 littere
2260 1605 2456 1653 peruen-

536 1673 660 1722 erint
695 1675 860 1723 ffrater
895 1677 1171 1726 Alexander
1212 1681 1270 1727 de
1319 1681 1605 1729 Lichttoune
1640 1682 1775 1730 miles
1816 1681 1992 1729 ordinis
2028 1679 2190 1727 Sancti
2224 1679 2256 1725 J
2261 1678 2455 1726 ohannis

534 1763 924 1813 Jerosolomitani
949 1766 1078 1829 prior
1108 1768 1166 1815 de
1206 1769 1467 1816 Torfechen
1507 1798 1515 1806 ·
1555 1799 1564 1806 ·
1604 1798 1613 1807 ·
1652 1770 1891 1818 Noueritis
1924 1785 2009 1817 1108
2046 1797 2055 1805 -
2095 1798 2104 1806 ·
2142 1795 2150 1803 ·
2189 1767 2371 1815 dedisse
2406 1771 2454 1814 et

573 1880 582 1888 ·
623 1849 638 1889 -’
672 1881 681 1890 ·
719 1854 1018 1903 confirmasse
1056 1884 1066 1893 ·
1105 1856 1264 1904 Nobili
1289 1858 1388 1906 viro
1411 1859 1445 1905 J
1449 1859 1620 1906 ohanni
1646 1860 1704 1906 de
1729 1859 1918 1906 Conane
1935 1858 2110 1920 juniori
2136 1860 2453 1905 tenementum

520 1957 618 1993 ,8011
639 1942 812 1990 toftum
836 1947 1049 1992 nostrum
1074 1946 1132 1992 de
1161 1946 1346 1993 Kethik
1370 1962 1474 1994 cum
1495 1948 1696 2010 quadam
1719 1948 1855 2011 pecia
1877 1951 2002 1994 terre
2028 1947 2085 1993 de
2111 1945 2327 2007 Dalgady
2350 1960 2453 2007 pre-

535 2029 665 2078 dicto
687 2034 964 2080 tenemento
988 2049 1072 2081 seu
1099 2033 1224 2082 tofto
1248 2051 1435 2082 annexa
1452 2036 1618 2097 jacens
1652 2036 1774 2083 infra
1807 2035 2180 2083 vicecomitatum
2207 2033 2454 2080 deForfar

535 2119 812 2167 Tenendum
851 2149 861 2158 ·
901 2149 910 2158 ·
950 2149 959 2158 ·
997 2122 1045 2168 in
1076 2138 1194 2185 pace
1228 2123 1351 2171 sicut
1376 2124 1534 2188 aliqua
1568 2129 1697 2172 terra
1733 2153 1742 2162 ·
1782 2152 1791 2161 -
1831 2153 1840 2161 ·
1877 2124 2002 2171 dicte
2041 2124 2202 2171 domus
2226 2123 2283 2169 de
2309 2121 2452 2168 Torfi-

537 2208 684 2255 chene
707 2224 792 2271 per
814 2209 1019 2273 aliquem
1044 2211 1296 2259 vassallum
1315 2212 1414 2260 siue
1439 2216 1679 2260 tenentem
1704 2213 1911 2261 eiusdem
1937 2212 2057 2259 infra
2080 2227 2269 2274 regnum
2294 2210 2452 2257 Scotie

538 2324 547 2333 -
587 2325 597 2333 ·
637 2326 645 2334 ·
685 2297 948 2346 Reddendo
971 2299 1080 2347 inde
1119 2328 1128 2337 ·
1168 2328 1178 2337 ·
1218 2329 1227 2338 ·
1263 2301 1503 2349 annuatim
1523 2317 1608 2349 sex
1627 2301 1800 2349 solidos
1823 2304 1871 2348 et
1896 2304 2003 2348 octo
2022 2299 2235 2347 denarios
2259 2299 2306 2345 in
2329 2299 2451 2346 festo

481 2394 484 2398 ’
535 2386 864 2435 decollationis
885 2388 1016 2435 beati
1038 2388 1072 2435 J
1077 2389 1274 2436 ohannis
1310 2375 1517 2452 baptiste
1553 2391 1676 2453 apud
1714 2389 1885 2436 Dunde
1923 2417 1933 2426 -
1970 2389 2035 2436 Et
2058 2388 2272 2435 faciendo
2313 2402 2450 2434 unam

532 2481 714 2524 sectam
736 2481 924 2525 tantum
949 2477 1121 2525 ibidem
1149 2477 1359 2541 quolibet
1383 2494 1505 2525 anno
1542 2479 1602 2525 ad
1640 2478 1815 2524 curiam
1853 2481 2059 2524 nostram
2095 2474 2343 2538 capitalem
2367 2491 2450 2538 pro

534 2565 659 2612 omni
683 2565 777 2613 alio
801 2566 1001 2614 seruicio
1037 2566 1237 2614 seculari
1275 2595 1283 2603 ·
1325 2595 1333 2604 ·
1374 2595 1382 2603 -
1420 2567 1477 2613 In
1512 2567 1643 2614 cuius
1667 2567 1735 2614 rei
1757 2564 2074 2614 testimonium
2110 2562 2310 2625 sigillum
2346 2578 2451 2610 nos-

531 2657 655 2701 trum
681 2655 855 2718 apponi
876 2654 1074 2703 fecimus
1096 2656 1223 2718 apud
1248 2655 1622 2703 Abbirbrothoce
1659 2654 1881 2716 vigesimo
1919 2654 1992 2700 die
2028 2652 2200 2700 mensis
2232 2651 2447 2699 Januarii

531 2759 655 2790 anno
680 2743 875 2790 Domini
901 2742 1150 2791 millesimo
1174 2743 1639 2821 quadringentesimo·
1655 2743 1835 2790 decimo
1859 2741 2022 2804 quinto
2059 2769 2068 2778 ·

533 2943 809 2992 Declaratio
847 2945 981 2992 ducis
1022 2945 1221 2992 Roberti
1258 2945 1315 2991 de
1352 2944 1569 2992 secundis
1611 2943 1805 2990 decimis
1845 2942 1902 2988 de
1945 2941 2045 3003 Lye
2081 2939 2315 3001 Meirnyss
2360 2954 2444 3001 pro

530 3033 752 3097 episcopo
791 3034 849 3080 de
892 3033 1126 3080 Brechine
1175 3034 1232 3080 de
1272 3034 1384 3080 data
1430 3032 1539 3080 anni
1576 3031 1767 3079 Domini
1807 3030 1875 3091 jm
1924 3027 2362 3092 quadringentesimi
2397 3030 2445 3073 et

529 3121 727 3183 [decimi
751 3122 966 3187 septimi]
995 3121 1105 3183 xxvj
1134 3121 1226 3168 diei
1251 3121 1423 3169 mensis
1445 3121 1478 3167 J
1487 3120 1593 3167 unii.

437 3273 501 3320 28
534 3246 755 3326 Robert
780 3278 933 3326 ducke
957 3277 1025 3325 off
1056 3276 1235 3325 Albain
1273 3304 1282 3313 ·
1323 3304 1331 3313 ·
1371 3304 1380 3313 ·
1416 3291 1703 3338 gouernoure
1728 3274 1795 3322 off
1823 3273 2074 3322 Scotlande
2108 3272 2165 3320 til
2197 3289 2255 3334 ye
2279 3273 2450 3320 schreff
2502 3261 2506 3265 ’
