2950 3970
640 663 1103 719 REGISTRUM
1142 666 1677 725 EPISGOPATUS
1718 671 2301 729 BRECHINENSIS.
2398 678 2431 730 5

513 847 704 913 virginis
750 852 809 898 de
858 852 1092 901 Breehine
1143 871 1226 918 per
1272 872 1345 903 me
1385 857 1579 905 fundate
1620 863 1668 906 et
1714 860 1937 922 magistro
1982 877 2038 908 ae
2085 861 2337 924 capellanis
2376 878 2431 909 ae

511 940 797 1002 pauperibus
831 941 1006 988 ibidem
1042 943 1130 990 deo
1166 943 1507 1008 imperpetuum
1553 947 1797 995 seruitutis
1843 948 1890 995 in
1937 948 2130 996 liberam
2177 965 2338 1011 puram
2385 954 2432 996 et

512 1032 790 1092 perpetuam
814 1029 1106 1078 elimosinam
1129 1035 1280 1079 totam
1318 1036 1492 1081 terram
1517 1034 1565 1081 in
1601 1051 1693 1098 qua
1728 1035 1909 1098 capella
1942 1036 2035 1084 sita
2058 1040 2130 1084 est
2164 1052 2248 1099 per
2282 1041 2434 1084 rectas

513 1117 687 1166 diuisas
711 1133 820 1166 suas
845 1117 929 1165 viz.
971 1118 1239 1182 incipiendo
1273 1137 1303 1168 a
1339 1126 1467 1169 terra
1492 1122 1650 1185 Moisy
1673 1123 1885 1171 scissoris
1910 1139 2054 1186 usque
2090 1124 2150 1171 ad
2186 1126 2431 1187 quamdam

512 1206 716 1254 siketam
741 1222 831 1270 que
866 1211 1063 1254 vocatur
1087 1209 1305 1256 Garneeh
1339 1215 1388 1256 et
1411 1210 1470 1256 ab
1498 1209 1578 1257 illa
1613 1210 1768 1259 siketa
1790 1227 1950 1260 versus
1972 1211 2261 1259 occidentem
2288 1228 2432 1275 usque

510 1296 572 1342 ad
607 1296 858 1358 quamdam
893 1295 1099 1343 oaleeam
1137 1313 1220 1360 per
1262 1313 1401 1360 quam
1442 1298 1537 1345 itur
1570 1299 1631 1345 ad
1667 1299 1905 1347 Petariam
1943 1300 2000 1346 de
2042 1299 2271 1346 Breohine
2295 1304 2343 1347 et
2367 1300 2434 1348 sio

514 1399 675 1432 versus
696 1383 964 1447 aquilonem
1001 1401 1062 1432 ex
1094 1385 1377 1432 occidentali
1412 1390 1546 1449 parte
1573 1385 1680 1434 ville
1716 1388 1774 1434 de
1811 1386 2174 1450 Balherquhynn
2210 1402 2291 1450 per
2313 1387 2434 1434 viam

514 1489 604 1536 que
647 1473 777 1520 dueit
822 1473 871 1520 in
918 1489 1097 1521 moram
1145 1478 1194 1521 et
1230 1474 1337 1520 inde
1373 1490 1532 1522 versus
1567 1475 1794 1522 orientem
1829 1491 1974 1538 usque
2021 1476 2081 1523 ad
2126 1480 2298 1523 terram
2346 1492 2434 1538 que

514 1565 711 1609 vocatur
749 1561 1110 1625 Baldouegathy
1151 1578 1256 1609 (311111
1285 1562 1540 1609 medietate
1576 1562 1700 1610 illius
1732 1567 1855 1610 terre
1891 1563 2022 1611 euius
2050 1563 2187 1610 aliam
2213 1563 2436 1610 medieta-

513 1655 610 1698 tem
638 1649 884 1698 Walterus
908 1650 1099 1713 Coquus
1120 1654 1252 1698 tenet
1277 1654 1326 1697 et
1351 1650 1458 1697 inde
1482 1666 1641 1698 versus
1665 1655 1873 1698 austrum
1910 1667 2053 1714 usque
2077 1652 2137 1698 ad
2174 1651 2430 1714 predictam

515 1739 717 1787 siketam
743 1739 963 1788 Garneeh
1000 1743 1048 1786 et
1085 1738 1194 1786 inde
1235 1755 1381 1802 usque
1418 1739 1478 1785 ad
1513 1738 1711 1785 riuulum
1738 1742 1999 1786 currentem
2032 1754 2189 1787 versus
2212 1739 2436 1786 orientem

515 1830 575 1875 ad
600 1827 746 1876 altam
782 1828 905 1875 viam
942 1843 1032 1891 que
1069 1827 1199 1874 ducit
1235 1829 1292 1874 de
1330 1826 1561 1874 Brechine
1599 1842 1756 1874 versus
1795 1827 2082 1873 Kinoardine
2115 1827 2435 1875 descendendo

514 1933 599 1979 per
622 1917 820 1964 eandem
843 1917 966 1964 viam
990 1931 1137 1979 usque
1162 1917 1222 1963 ad
1246 1915 1404 1963 villam
1430 1916 1487 1962 de
1514 1915 1758 1962 Brechine.
1831 1915 1895 1962 Et
1919 1915 2106 1978 insuper
2123 1914 2433 1962 molendinum

516 2007 574 2053 de
612 2004 846 2053 Breehine
881 2020 987 2052 eum
1022 2003 1229 2052 multura
1263 2005 1470 2051 eiusdem
1516 2003 1624 2050 ville
1659 2005 1720 2050 ad
1753 2003 1951 2050 tereium
1997 2003 2225 2050 decimum
2260 2019 2341 2051 vas
2375 2005 2432 2050 de

514 2095 656 2142 blado
702 2095 878 2142 ibidem
934 2097 1177 2142 ereseente
1235 2097 1436 2155 excepto
1494 2091 1633 2139 blado
1680 2107 1783 2138 meo
1831 2091 2060 2138 dominico
2109 2095 2157 2138 et
2214 2091 2432 2137 heredum

515 2199 725 2231 meorum
761 2183 886 2246 quod
921 2182 1095 2230 ibidem
1141 2181 1287 2229 libere
1335 2181 1474 2228 debet
1520 2179 1673 2228 moliri
1711 2179 1833 2227 sieut
1867 2180 2093 2226 haetenus
2133 2178 2350 2226 conuenit
2385 2183 2432 2225 et

515 2288 621 2320 eum
645 2271 852 2319 multura
874 2269 984 2318 ville
1009 2271 1066 2318 de
1093 2269 1397 2318 Lwiehlande
1421 2269 1480 2315 ad
1504 2271 1690 2316 sextum
1728 2267 1955 2314 decimum
1993 2282 2074 2314 vas
2098 2281 2202 2312 eum
2232 2265 2433 2313 multura

515 2360 624 2407 ville
648 2361 708 2407 de
727 2359 1005 2422 Heyohame
1037 2359 1097 2406 ad
1121 2357 1392 2406 vicesimum
1410 2372 1491 2404 vas
1514 2372 1619 2403 oum
1643 2354 1847 2402 multura
1868 2359 1993 2402 terre
2024 2355 2081 2400 de
2107 2353 2430 2415 Baldougath)⁷

513 2465 603 2512 que
627 2452 700 2497 est
727 2447 932 2495 Walteri
969 2446 1083 2494 Coei
1107 2446 1168 2493 ad
1210 2444 1477 2492 vicesimum
1504 2460 1585 2491 vas
1608 2459 1714 2490 (311111
1737 2442 1940 2490 multura
1963 2441 2069 2489 ville
2093 2442 2151 2489 de
2178 2441 2428 2503 Buthyrkil

515 2539 576 2586 ad
600 2537 801 2586 tercium
825 2536 1056 2584 decimum
1089 2551 1172 2583 vas
1195 2550 1299 2581 eum
1331 2532 1536 2580 multura
1570 2531 1678 2579 ville
1714 2531 1772 2578 de
1809 2529 2126 2577 Pettindreioh
2152 2530 2211 2575 ad
2235 2529 2430 2576 tercium

517 2627 749 2674 decimum
796 2641 879 2673 vas
923 2639 1030 2671 (311111
1077 2621 1282 2670 multura
1325 2625 1450 2667 terre
1493 2619 1649 2682 Moysi
1695 2617 1905 2666 scissoris
1942 2617 2002 2663 ad
2045 2616 2307 2664 vicesimum
2348 2631 2429 2664 vas

517 2720 566 2763 et
601 2731 708 2763 oum
743 2713 958 2762 omnibus
991 2710 1235 2759 forinsecis
1275 2709 1418 2758 seetis
1453 2712 1501 2755 et
1535 2707 1640 2754 aliis
1675 2722 1765 2769 que
1800 2706 1859 2752 ad
1896 2704 2070 2751 dietum
2116 2702 2427 2751 molendinum

515 2803 754 2867 pertInent
790 2805 840 2850 et
873 2803 1096 2864 poterunt
1136 2798 1384 2862 pertinere.
1455 2796 1520 2843 Et
1555 2795 1594 2843 si
1629 2793 1867 2854 contingat
1905 2791 2027 2854 quod
2059 2790 2184 2838 dicte
2207 2794 2330 2838 terre
2354 2791 2426 2838 vel

516 2891 676 2955 aliqua
729 2890 961 2938 dictarum
1018 2891 1251 2936 terrarum
1312 2901 1396 2948 per
1448 2899 1522 2930 me
1568 2882 1641 2930 vel
1695 2897 1779 2944 per
1821 2879 2023 2942 aliquem
2076 2878 2294 2925 heredum
2354 2878 2427 2926 vel

517 2964 836 3029 suceessorum
874 2991 1082 3024 meorum
1121 2989 1306 3038 quoquo
1336 2973 1474 3020 modo
1509 2971 1847 3032 imperpetuum
1883 2965 1954 3013 vel
1987 2966 2047 3012 ad
2081 2969 2265 3028 tempus
2288 2965 2430 3013 alien-

518 3073 658 3117 entur
679 3067 806 3131 quod
829 3080 1015 3128 semper
1038 3063 1243 3111 multura
1267 3062 1496 3109 dictarum
1518 3062 1747 3106 terrarum
1771 3054 2024 3102 seeundum
2047 3069 2286 3101 mensuras
2302 3054 2429 3116 prius

516 3157 784 3206 nominatas
830 3167 975 3217 penes
1021 3151 1196 3199 dietam
1233 3151 1420 3197 domum
1461 3147 1560 3194 sine
1606 3143 1764 3207 aliqua
1798 3140 2107 3188 diminucione
2141 3146 2423 3203 permaneat.

518 3245 642 3293 Volo
666 3243 815 3292 eciam
835 3246 884 3290 et
903 3241 1109 3289 concedo
1132 3255 1218 3303 pro
1240 3253 1314 3285 me
1338 3240 1387 3284 et
1410 3233 1658 3282 heredibus
1679 3229 1843 3294 [meis]
1865 3229 1987 3291 quod
2012 3228 2186 3275 dietum
2210 3227 2430 3275 molendi-

516 3349 629 3382 num
653 3336 702 3380 et
726 3335 942 3394 stagnum
967 3329 1175 3377 eiusdem
1200 3342 1284 3390 per
1306 3323 1518 3372 homines
1551 3322 1609 3368 de
1649 3318 1803 3369 sehira
1836 3319 2158 3366 sustententur
2193 3319 2239 3363 et
2262 3315 2430 3379 impos-
