2950 3970
505 653 618 707 230
683 652 1148 708 REGISTRUM
1186 654 1728 711 EPISOOPATUS
1770 654 2363 710 BRECHINENSIS.

503 857 605 887 rum
652 846 841 889 monete
890 843 1122 890 currentis
1158 843 1318 891 Scotie
1365 843 1609 892 annuatim
1644 843 1848 891 leuando
1885 871 1896 880 ·
1935 871 1946 881 ·
1985 870 1996 881 ι
2031 845 2090 890 de
2137 847 2242 891 orto
2290 858 2435 906 quon-

503 923 636 975 dam'
661 928 695 975 J
699 929 897 978 ohannis
945 930 1106 977 Broun
1153 930 1273 978 ciuis
1319 931 1531 979 ciuitatis
1578 931 1912 979 Brechinensis
1945 931 2137 992 jacente
2171 931 2294 978 infra
2338 930 2435 977 dic-

502 1021 602 1064 tam
650 1017 895 1064 ciuitatem
947 1045 957 1054 ·
1010 1046 1020 1055 ·
1074 1046 1084 1056 ·
1137 1019 1332 1066 Necnon
1379 1035 1521 1067 unum
1574 1035 1780 1067 annuum
1831 1019 2067 1067 redditum
2104 1020 2266 1067 decem
2312 1034 2434 1066 mar-

502 1120 662 1152 carum
700 1109 888 1153 monete
924 1106 1137 1168 predicte
1185 1107 1347 1155 Scotie
1384 1107 1629 1156 annuatim
1673 1107 1927 1156 leuandum
1966 1136 1976 1145 ·
2016 1136 2026 1145 -
2065 1135 2076 1145 ·
2113 1108 2171 1154 de
2217 1106 2433 1154 omnibus

503 1197 553 1240 et
589 1193 784 1255 singulis
817 1194 959 1242 terris
998 1195 1191 1242 baronie
1227 1196 1286 1243 de
1322 1195 1448 1243 Dwn
1482 1191 1756 1258 jacentibus
1799 1196 1923 1244 infra
1967 1195 2350 1244 vicecomitatum
2385 1195 2444 1241 de

506 1282 675 1328 Forfar
709 1283 770 1328 ad
807 1283 924 1330 duos
959 1282 1070 1329 anni
1102 1283 1329 1331 terminos
1351 1284 1478 1332 festa
1499 1285 1583 1331 viz.
1612 1285 1955 1333 Penthecostes
1978 1288 2028 1332 et
2052 1283 2217 1332 Sancti
2243 1283 2443 1330 Martini

501 1369 550 1415 in
573 1385 710 1431 yeme
748 1398 758 1407 ·
798 1398 807 1407 ·
848 1398 857 1407 ·
893 1386 999 1417 cum
1025 1372 1258 1419 uniuersis
1281 1376 1331 1419 et
1354 1372 1550 1435 singulis
1572 1373 1793 1436 proficuis
1815 1372 2146 1421 emolumentis
2168 1371 2442 1420 asiamentis

500 1474 557 1506 ac
575 1458 720 1519 justis
743 1459 842 1507 suis
866 1460 1166 1522 pertinentiis
1184 1461 1556 1526 quibuscumque
1595 1489 1604 1499 ·
1642 1462 1868 1510 Tenenda
1905 1490 1914 1499 ·
1959 1490 1969 1500 -
2008 1489 2018 1499 ·
2054 1465 2160 1509 tota
2183 1465 2232 1508 et
2255 1461 2439 1522 integra

500 1551 777 1594 tenementa
800 1562 937 1596 acras
972 1575 983 1585 ·
1024 1576 1034 1585 ·
1073 1576 1083 1585 ·
1119 1553 1249 1596 ortos
1287 1553 1336 1596 et
1373 1565 1554 1598 annuos
1585 1549 1800 1598 redditus
1837 1578 1848 1588 ·
1887 1578 1897 1588 ·
1937 1578 1948 1588 ·
1983 1550 2170 1613 prefato
2194 1547 2440 1612 capellano

501 1639 550 1682 et
591 1636 877 1698 pauperibus
916 1640 965 1683 et
1006 1637 1104 1684 suis
1144 1638 1494 1686 successoribus
1531 1666 1541 1675 -
1580 1666 1590 1676 ·
1629 1667 1639 1676 ·
1676 1654 1706 1685 a
1743 1655 1818 1686 me
1856 1643 1906 1686 et
1944 1638 2197 1686 heredibus
2235 1637 2353 1685 meis
2388 1640 2438 1683 et

500 1723 753 1787 assignatis
776 1724 825 1771 in
850 1739 1015 1787 puram
1052 1729 1101 1772 et
1136 1730 1414 1788 perpetuam
1440 1725 1745 1774 elemosinam
1784 1755 1794 1764 ·
1833 1755 1842 1764 ·
1882 1754 1892 1763 ·
1930 1726 2195 1774 Reddendo
2219 1725 2329 1772 inde
2354 1740 2436 1772 an-

504 1812 685 1859 nuatim
712 1812 868 1860 dictus
893 1812 1165 1876 capellanus
1200 1817 1249 1861 et
1286 1813 1358 1862 sui
1381 1829 1676 1862 successores
1698 1830 1917 1877 supremo
1939 1818 2102 1862 nostro
2126 1813 2317 1860 domino
2340 1812 2437 1874 regi

502 1905 551 1947 et
576 1901 799 1964 episcopo
824 1901 1132 1950 Brechinensi
1159 1906 1207 1949 et
1231 1902 1581 1951 successoribus
1604 1902 1704 1951 suis
1739 1918 1826 1966 pro
1862 1901 2128 1950 huiusmodi
2151 1900 2438 1948 tenementis

622 2017 631 2025 ·
682 1989 909 2051 predictis
944 1990 1141 2037 seruitia
1178 2005 1236 2038 ac
1273 2005 1454 2039 annuos
1491 1991 1706 2039 redditus
1744 1991 1907 2038 debita
1942 1994 1992 2038 et
2026 1992 2254 2038 consueta
2301 2016 2313 2027 ·
2363 2016 2374 2025 ·
2424 2016 2434 2025 ·

506 2077 629 2124 Volo
652 2082 812 2125 autem
853 2082 902 2124 et
939 2079 1105 2126 stricte
1131 2079 1296 2126 ordino
1320 2080 1444 2142 quod
1479 2079 1570 2126 hec
1593 2095 1698 2126 mea
1722 2078 1986 2142 capellania
2006 2093 2178 2126 nomen
2201 2075 2436 2124 excellen-

504 2166 675 2214 tissimi
703 2166 919 2214 Nominis
942 2166 975 2212 J
979 2182 1062 2214 esu
1101 2167 1330 2215 sortiatur
1367 2195 1377 2205 ·
1415 2166 1540 2215 Volo
1571 2168 1716 2215 etiam
1747 2168 1872 2230 quod
1911 2167 2067 2214 dictus
2091 2157 2362 2229 capella-nus
2386 2169 2435 2212 et

503 2255 575 2302 sui
600 2270 895 2303 successores
932 2255 1203 2302 continuam
1241 2259 1291 2303 et
1328 2254 1623 2319 personalem
1658 2254 1962 2303 residentiam
2000 2254 2048 2301 in
2086 2253 2283 2302 ciuitate
2320 2254 2435 2300 Bre-

504 2343 715 2390 chinensi
739 2343 917 2390 faciant
959 2370 968 2380 ·
1009 2371 1018 2380 ·
1057 2371 1067 2380 -
1103 2347 1153 2391 et
1187 2345 1311 2406 apud
1348 2344 1527 2391 dictum
1564 2343 1716 2392 altare
1754 2371 1764 2380 -
1803 2371 1813 2380 ·
1852 2371 1862 2380 ·
1900 2342 2140 2390 celebrent
2163 2342 2351 2406 quando
2373 2343 2435 2389 ad

504 2431 594 2478 hoc
619 2431 834 2493 dispositi
858 2431 953 2478 sint
991 2459 1001 2469 ·
1040 2432 1105 2478 Et
1130 2437 1237 2494 post
1262 2432 1453 2480 missam
1477 2431 1552 2479 De
1579 2431 1830 2480 Profundis
1852 2433 1978 2495 apud
2011 2430 2245 2479 tumulum
2280 2446 2434 2478 meum

504 2520 544 2566 si
583 2519 795 2582 sepultus
832 2520 966 2568 fuero
1003 2521 1051 2567 in
1089 2520 1219 2568 dicta
1253 2520 1455 2569 ecclesia
1491 2520 1754 2569 cathedrali
1805 2549 1814 2558 -
1868 2549 1877 2558 ·
1930 2549 1940 2558 ·
1992 2521 2058 2568 Et
2092 2519 2272 2567 nullum
2307 2518 2434 2566 aliud

504 2609 782 2655 beneficium
830 2624 913 2656 seu
959 2608 1207 2657 seruitium
1253 2609 1460 2657 habeant
1497 2637 1507 2648 ·
1547 2637 1557 2646 ·
1596 2636 1607 2646 ·
1642 2613 1802 2672 preter
1853 2609 2029 2656 dictam
2082 2624 2234 2656 meam
2280 2607 2436 2670 capel-

500 2696 676 2744 laniam
716 2725 726 2734 ·
764 2697 829 2744 Et
867 2697 907 2745 si
945 2713 1081 2745 secus
1117 2697 1317 2745 fecerint
1355 2726 1365 2735 ·
1405 2725 1414 2735 ·
1454 2725 1464 2735 ·
1500 2697 1765 2760 capellania
1797 2697 2065 2744 huiusmodi
2099 2696 2287 2744 vacabit
2325 2724 2336 2733 ·
2374 2723 2384 2733 ·
2423 2723 2434 2733 ·

503 2784 716 2832 Ulterius
757 2784 862 2833 volo
902 2787 1026 2848 quod
1070 2786 1225 2833 dictus
1265 2785 1538 2848 capellanus
1573 2790 1622 2834 et
1660 2785 1732 2834 sui
1769 2800 2065 2834 successores
2098 2784 2343 2832 annuatim
2384 2788 2434 2831 et

501 2873 883 2921 hebdomadatim
921 2902 931 2911 -
972 2902 981 2911 ·
1020 2902 1030 2913 ·
1067 2874 1402 2922 ministrabunt
1449 2889 1506 2921 ac
1553 2874 1732 2921 dabunt
1777 2873 2063 2936 pauperibus
2109 2887 2316 2920 summas
2354 2887 2436 2935 pe-

502 2961 740 3008 cuniarias
776 2962 1067 3024 subscriptas
1090 2962 1138 3008 in
1161 2961 1378 3010 terminis
1399 2977 1457 3010 ac
1480 2963 1647 3010 diebus
1670 2961 1950 3024 subscriptis
1972 2961 2057 3008 viz.
2082 2960 2434 3008 ebdomadatim

502 3050 549 3095 in
577 3050 652 3096 die
678 3049 879 3097 Veneris
901 3050 1130 3097 tredecim
1154 3050 1372 3098 denarios
1407 3053 1597 3098 monete
1622 3049 1854 3097 currentis
1878 3049 2038 3097 Scotie
2077 3076 2087 3086 ·
2125 3049 2190 3096 Et
2227 3049 2276 3095 in
2311 3048 2436 3097 festo

506 3138 720 3184 Nominis
755 3138 788 3183 J
792 3153 875 3185 esu
908 3137 1151 3185 annuatim
1189 3137 1418 3185 tredecim
1453 3136 1630 3186 solidos
1666 3141 1715 3184 et
1757 3141 1960 3199 quatuor
1994 3136 2212 3185 denarios
2246 3141 2435 3184 monete

501 3226 713 3287 predicte
752 3254 761 3263 -
799 3226 859 3272 In
896 3226 1021 3273 festo
1059 3225 1225 3273 Sancti
1266 3225 1512 3273 Laurentii
1558 3225 1809 3273 Marthiris
1843 3226 1969 3288 apud
2005 3225 2255 3273 ecclesiam
2299 3240 2435 3288 paro-

501 3313 701 3361 chialem
749 3315 806 3361 de
858 3313 1023 3361 Edzell
1070 3314 1316 3363 annuatim
1361 3315 1591 3362 tredecim
1637 3313 1814 3362 solidos
1861 3318 1910 3362 et
1956 3318 2160 3377 quatuor
2217 3313 2432 3361 denarios
