2950 3970
647 613 1687 711 REGISTRUM‘EPISOOPATUS
1730 658 2306 718 BRECHINENSIS.
2362 667 2470 722 209

541 830 789 882 itineribus
822 835 1086 896 justiciarie
1128 843 1175 886 et
1215 844 1471 891 camerarie
1495 860 1553 892 ac
1577 846 1866 895 vicecomitis
1896 850 2037 897 curiis
2061 851 2266 899 exitibus
2289 856 2338 899 et
2361 853 2466 901 aliis

540 919 870 971 emolumentis
905 924 1271 991 quibuscumque
1308 932 1492 994 prefato
1530 935 1763 996 quondam
1806 941 1965 984 nostro
2006 939 2288 1000 progenitori
2332 941 2463 989 nobis

539 1009 806 1074 nostrisque
831 1015 1177 1064 successoribus
1201 1020 1525 1080 spectantibus
1562 1050 1571 1058 -
1611 1050 1620 1059 ·
1659 1050 1669 1059 ·
1706 1023 1827 1071 infra
1850 1025 2227 1074 vicecomitatum
2253 1033 2459 1076 nostrum

541 1098 598 1144 de
638 1099 930 1149 Kincardine
969 1107 1018 1150 et
1056 1119 1196 1168 super
1219 1108 1362 1155 certis
1385 1108 1492 1157 aliis
1526 1111 1714 1173 punctis
1743 1115 1792 1159 et
1816 1112 2028 1161 articulis
2052 1114 2098 1160 in
2124 1115 2308 1177 prefata
2331 1122 2463 1164 carta

592 1216 602 1225 ·
643 1217 651 1226 ·
689 1205 745 1236 ac
783 1191 830 1237 in
869 1191 998 1239 dicta
1035 1192 1336 1256 inquisitione
1376 1198 1611 1246 contentis
1650 1228 1659 1236 -
1699 1227 1708 1236 ·
1749 1227 1758 1236 ·
1795 1200 1880 1248 sub
1906 1201 1993 1248 hac
2016 1202 2167 1250 forma
2205 1232 2214 1240 ·
2250 1204 2461 1253 Jacobus

539 1277 634 1323 Dei
657 1279 811 1340 gratia
837 1278 967 1340 [vide
995 1280 1081 1328 No.
1107 1283 1197 1348 83]
1238 1311 1246 1320 =
1287 1312 1296 1321 ·
1337 1313 1345 1321 ·
1385 1286 1725 1349 Quamquidem
1752 1293 1927 1336 cartam
1950 1291 2313 1340 confirmationis
2351 1321 2360 1329 ·
2399 1321 2409 1330 ·
2448 1323 2458 1330 -

538 1365 586 1412 in
610 1367 828 1415 omnibus
866 1396 875 1404 ·
915 1397 924 1406 ·
964 1397 973 1406 ·
1010 1385 1095 1432 pro
1118 1375 1346 1434 perpetuo
1371 1375 1699 1424 confirmamus
1735 1403 1747 1414 -
1784 1377 1938 1431 Quare
1963 1379 2189 1427 universis
2223 1385 2272 1427 et
2307 1382 2459 1444 singu-

537 1455 596 1503 lis
625 1456 904 1517 justiciariis
942 1486 951 1494 ·
991 1487 1000 1496 ·
1040 1487 1049 1495 -
1087 1475 1283 1522 quorum
1319 1462 1518 1510 interest
1556 1491 1566 1500 ·
1606 1492 1615 1500 ·
1655 1492 1664 1500 ·
1705 1465 1767 1511 Et
1814 1465 2083 1528 specialiter
2127 1468 2246 1515 infra
2286 1468 2457 1517 limites

536 1549 585 1592 et
634 1545 813 1594 bondas
859 1547 974 1594 dicti
1022 1548 1378 1598 vicecomitatus
1423 1551 1571 1599 nostri
1611 1578 1621 1589 ·
1661 1580 1670 1589 ·
1709 1580 1719 1589 ·
1761 1554 2034 1602 mandamus
2083 1559 2311 1616 quatenus
2349 1585 2358 1593 ·
2397 1584 2406 1594 ·
2446 1586 2454 1593 ·

536 1634 664 1682 dieto
702 1662 712 1671 ·
752 1663 761 1671 -
802 1663 811 1671 ·
850 1635 1087 1699 Episcopo
1113 1638 1419 1686 Brechinensi
1444 1643 1492 1686 et
1517 1640 1613 1687 suis
1636 1624 1978 1689 successoribus
2019 1670 2027 1679 ·
2067 1671 2076 1680 -
2115 1671 2125 1680 ·
2162 1647 2210 1691 et
2234 1645 2329 1693 suis
2352 1661 2455 1708 pro—

535 1724 830 1772 curatoribus
868 1752 876 1761 ·
917 1752 926 1761 ·
966 1753 975 1761 ·
1013 1725 1061 1771 in
1086 1725 1301 1774 omnibus
1336 1731 1384 1774 et
1419 1727 1613 1790 singulis
1636 1728 1873 1791 premissis
1907 1728 1954 1776 in
1990 1730 2128 1778 dictis
2156 1731 2453 1794 inquisitione

533 1816 581 1859 et
636 1812 990 1860 confirmatione
1043 1814 1279 1862 contentis
1330 1843 1339 1851 -
1392 1843 1401 1851 ·
1453 1843 1462 1852 ·
1509 1817 1762 1863 secundum
1809 1821 2019 1865 tenorem
2059 1846 2067 1855 -
2108 1847 2117 1856 ·
2157 1847 2166 1856 ·
2203 1821 2451 1867 earundem

532 1905 749 1964 prompte
806 1902 1121 1964 respondeant
1162 1930 1171 1939 ·
1210 1929 1218 1938 ·
1260 1931 1269 1940 -
1308 1903 1366 1949 In
1413 1903 1545 1952 cuius
1590 1905 1658 1951 rei
1704 1905 2022 1953 testimonium
2069 1908 2275 1969 presenti
2322 1913 2452 1955 carte

530 1993 690 2037 nostre
726 1989 1092 2038 confirmationis
1130 1991 1472 2054 imperpetuum
1511 1993 1735 2040 durature
1774 2009 1986 2055 magnum
2017 1994 2215 2056 sigillum
2242 2000 2446 2044 nostrum

529 2079 702 2142 apponi
726 2078 1021 2141 precepimus
1060 2107 1069 2115 ·
1108 2079 1328 2127 Testibus
1351 2080 1737 2129 reuerendissimo
1775 2081 1822 2128 in
1861 2082 2017 2130 Cristo
2051 2087 2184 2145 patre
2213 2083 2450 2131 Willelmo

529 2168 881 2230 archiepiscopo
937 2166 1276 2215 Sanctiandree
1331 2168 1600 2216 reuerendis
1660 2169 1707 2216 in
1770 2170 1925 2217 Cristo
1977 2171 2189 2233 patribus
2241 2172 2449 2220 Roberto

528 2257 749 2320 episcopo
791 2255 1071 2318 Glasguensi
1116 2255 1357 2303 Willelmo
1398 2257 1617 2319 episcopo
1661 2257 1988 2306 Aberdonensi
2031 2259 2215 2308 dilectis
2256 2276 2450 2308 consan-

525 2344 706 2407 guineis
747 2343 921 2392 nostris
962 2342 1129 2390 Colino
1171 2344 1342 2391 comite
1386 2345 1443 2391 de
1488 2345 1648 2407 Argile
1697 2346 1883 2393 domino
1926 2346 2150 2409 Campbel
2197 2351 2245 2394 et
2295 2348 2447 2395 Lorne

526 2432 807 2480 cancellario
831 2435 994 2479 nostro
1019 2432 1177 2479 Dauid
1202 2433 1373 2479 comite
1411 2434 1467 2480 de
1505 2434 1762 2481 Craufurde
1789 2435 1976 2482 domino
2009 2435 2257 2498 Lyndesay
2280 2452 2445 2498 magno

526 2521 783 2569 camerario
820 2523 981 2568 nostro
1022 2519 1218 2567 Andrea
1255 2521 1444 2568 domino
1483 2521 1758 2569 Awendaile
1797 2522 2037 2570 Willelmo
2062 2523 2249 2570 domino
2275 2523 2446 2571 Borth-

524 2611 620 2659 wik
657 2609 894 2672 magistris
932 2608 1090 2655 Dauid
1133 2609 1508 2672 Lewyngstoune
1550 2610 1788 2673 preposito
1826 2611 1884 2658 de
1925 2610 2256 2673 Lyncloudane
2295 2613 2441 2660 nostri

523 2700 694 2748 secreti
730 2697 869 2761 sigilli
904 2698 1098 2746 custode
1135 2698 1422 2746 Archibaldo
1460 2698 1699 2754 Quhitlaw
1734 2699 2061 2746 archidiacono
2100 2699 2337 2746 Laudonie
2372 2715 2442 2747 se-

523 2788 726 2836 cretario
750 2790 912 2835 nostro
938 2785 1209 2833 Alexandro
1234 2786 1347 2834 Scot
1372 2781 1554 2834 rectore
1590 2788 1647 2834 de
1686 2787 1939 2849 Wigtoune
1975 2786 2143 2834 clerico
2178 2792 2438 2835 nostrorum

523 2876 782 2924 rotulorum
817 2879 867 2923 et
902 2874 1086 2937 registri
1111 2875 1251 2937 Apud
1279 2874 1550 2937 Edinburgh
1579 2875 1759 2923 decimo
1784 2875 1983 2938 septimo
2019 2876 2093 2922 die
2129 2876 2299 2924 mensis
2320 2876 2354 2922 J
2359 2876 2438 2922 ulii

521 2982 645 3012 anno
670 2963 863 3011 Domini
887 2962 1134 3010 millesimo
1158 2962 1615 3025 quadringentesimo
1634 2963 1949 3026 octuagesimo
1973 2963 2136 3026 quinto
2173 2992 2183 3000 ·
2222 2964 2285 3011 Et
2310 2965 2434 3026 regni

522 3054 671 3102 nostri
695 3052 1085 3115 vigesimoquinto
1124 3079 1133 3088 ·
