2950 3970
564 639 671 693 188
738 640 1200 696 REGISTRUM
1238 643 1776 700 EPISCOPATUS
1816 644 2409 701 BRECHINENSIS.

561 827 717 874 facere
741 829 1076 891 presumpserit
1100 830 1203 893 ipso
1226 831 1353 878 facto
1393 832 1583 894 penitus
1615 832 1679 881 sit
1713 832 1928 895 priuatus
1965 861 1975 870 ·
2013 834 2213 898 Insuper
2236 834 2341 882 volo
2379 863 2388 871 ·
2431 869 2438 873 -
2478 863 2491 871 -

562 919 611 962 et
635 915 832 978 dispono
857 918 981 980 quod
1009 918 1091 979 jus
1113 922 1394 981 patronatus
1416 920 1477 966 ad
1502 921 1869 983 presentandum
1893 922 1955 968 ad
1979 921 2156 969 dictam
2180 922 2490 985 capellaniam

562 1003 869 1050 sufficientem
890 1008 939 1051 et
956 1005 1190 1067 ydoneam
1215 1022 1465 1069 personam
1503 1035 1514 1043 ·
1553 1035 1563 1044 ·
1603 1035 1612 1044 ·
1652 1007 1891 1071 Episcopo
1917 1008 2225 1056 Brechinensi
2263 1037 2273 1046 ·
2314 1038 2323 1046 -
2362 1038 2372 1046 -
2407 1026 2490 1057 seu

562 1091 663 1138 eius
687 1091 860 1139 vicario
877 1091 1084 1154 generali
1102 1093 1150 1139 in
1169 1093 1493 1156 spiritualibus
1515 1095 1627 1143 sede
1646 1099 1844 1143 vacante
1863 1110 1971 1143 cum
1989 1099 2038 1143 et
2057 1076 2275 1159 quotiens
2293 1098 2490 1144 eandem

562 1177 872 1240 capellaniam
912 1196 1078 1228 vacare
1118 1182 1368 1244 contigerit
1409 1183 1470 1230 ad
1512 1199 1588 1230 me
1637 1187 1685 1230 et
1733 1183 1912 1231 dictam
1960 1183 2282 1246 Margaretam
2318 1185 2493 1232 Brown

562 1282 714 1313 meam
740 1283 960 1331 sponsam
994 1285 1080 1331 pro
1102 1273 1315 1332 tempore
1339 1274 1502 1319 nostro
1537 1275 1586 1318 et
1621 1275 1729 1335 post
1753 1275 1955 1319 mortem
1978 1275 2189 1320 nostram
2213 1273 2274 1319 ad
2297 1272 2496 1320 heredes

561 1370 703 1409 meos,
740 1355 912 1418 quibus
947 1357 1274 1406 deficientibus
1313 1358 1374 1405 ad
1409 1359 1675 1422 predictum
1711 1360 1954 1407 dominum
1991 1360 2266 1423 episcopum
2302 1365 2350 1408 et
2386 1377 2495 1409 suos

560 1458 827 1491 sucessores
856 1445 965 1506 jure
1000 1445 1238 1508 pertineat
1274 1462 1360 1509 pro
1395 1451 1624 1511 perpetuo
1659 1451 1708 1495 et
1743 1447 2070 1496 deficientibus
2102 1448 2355 1497 heredibus
2378 1449 2496 1496 meis

560 1530 786 1593 legitimis
823 1532 929 1580 volo
968 1534 1092 1596 quod
1132 1533 1399 1597 Episcopus
1423 1535 1505 1598 qui
1528 1551 1614 1598 pro
1649 1539 1864 1599 tempore
1886 1535 2033 1583 fuerit
2069 1536 2127 1583 de
2163 1537 2328 1583 eadem
2358 1536 2498 1599 pleno

553 1620 661 1680 jure
709 1620 928 1682 disponat
968 1649 977 1658 ·
1016 1622 1081 1668 Et
1129 1621 1170 1669 si
1217 1622 1461 1686 contingat
1497 1624 1622 1686 quod
1669 1624 1786 1671 dicti
1825 1623 2024 1671 heredes
2063 1623 2158 1671 mei
2202 1623 2497 1686 capellanum

559 1709 794 1769 ydoneum
819 1710 879 1756 ad
904 1709 1054 1772 ipsam
1079 1709 1389 1773 capellaniam
1425 1712 1537 1759 dum
1572 1711 1723 1775 ipsam
1757 1727 1927 1759 vacare
1952 1711 2202 1774 contigerit
2226 1712 2347 1759 infra
2368 1712 2494 1775 'qua-

562 1797 779 1858 draginta
802 1797 902 1845 dies
925 1813 1019 1845 non
1042 1799 1421 1861 presentauerint
1456 1799 1562 1847 volo
1597 1801 1721 1862 quod
1758 1799 1970 1862 plenaria
1999 1799 2247 1862 dispositio
2282 1800 2492 1848 eiusdem

560 1900 646 1946 pro
680 1884 763 1931 illa
799 1885 897 1932 vice
934 1887 1062 1934 dicto
1087 1887 1277 1934 domino
1314 1887 1553 1951 Episcopo
1576 1888 1815 1950 pertineat
1854 1915 1865 1925 ·
1903 1888 1968 1935 Et
2004 1904 2090 1950 ego
2114 1904 2224 1936 vero
2246 1888 2280 1934 J
2285 1889 2494 1936 ohannes

560 1974 828 2022 antedictus
866 1979 915 2021 et
961 1974 1159 2023 heredes
1195 1975 1288 2023 mei
1324 1976 1540 2038 predicta
1572 1979 1847 2023 tenementa
1885 2004 1896 2012 -
1934 2004 1944 2013 ·
1984 2004 1994 2014 ·
2031 1991 2231 2024 unacum
2278 1977 2495 2024 omnibus

559 2062 786 2123 predictis
823 2062 992 2109 annuis
1030 2063 1291 2112 redditibus
1326 2063 1511 2127 prefato
1547 2063 1791 2127 capellano
1815 2068 1863 2111 et
1892 2063 2149 2127 capellanis
2187 2092 2197 2100 ·
2235 2092 2245 2101 ·
2284 2092 2294 2101 ·
2330 2065 2391 2111 ad
2426 2063 2494 2110 al-

560 2153 664 2196 tare
700 2150 964 2213 predictum
1003 2178 1012 2187 ·
1052 2178 1062 2187 ·
1101 2178 1111 2187 ·
1148 2155 1197 2199 et
1233 2151 1571 2200 sustentationi
1607 2152 1734 2200 dicte
1774 2151 2008 2215 lampadis
2042 2153 2090 2199 in
2126 2153 2344 2201 omnibus
2382 2181 2391 2190 ·
2431 2182 2440 2190 ·
2481 2182 2492 2190 -

484 2290 487 2292 ,
561 2238 958 2287 varantizabimus
995 2267 1005 2276 ·
1047 2267 1056 2275 -
1096 2267 1105 2276 ·
1142 2240 1202 2286 In
1241 2239 1379 2288 cuius
1402 2240 1470 2287 rei
1493 2240 1821 2288 testimonium
1845 2239 2051 2303 sigillum
2075 2256 2233 2288 meum
2256 2242 2365 2288 huic
2389 2258 2493 2303 pre-

562 2326 684 2374 senti
727 2326 870 2374 Cartc
912 2343 1015 2375 mee
1057 2332 1130 2376 est
1171 2343 1432 2391 appensum
1474 2344 1680 2376 unacum
1715 2327 1868 2391 sigillo
1903 2329 2019 2376 dicti
2059 2329 2304 2376 reuerendi
2343 2330 2492 2392 patris

562 2414 758 2462 Domini
799 2415 1025 2479 Episcopi
1067 2416 1400 2464 Brechinensis
1439 2415 1723 2463 Cancellarii
1758 2416 1919 2464 Scotie
1967 2419 2016 2464 et
2061 2415 2214 2478 sigillo
2255 2418 2491 2464 communi

564 2502 759 2565 capituli
794 2503 1006 2551 eiusdem
1041 2505 1166 2567 apud
1203 2504 1438 2552 Brechine
1474 2504 1658 2552 decimo
1692 2520 1816 2552 nono
1851 2505 1927 2552 die
1962 2506 2137 2554 mensis
2167 2506 2344 2569 Aprilis
2369 2522 2491 2553 anno

565 2590 758 2638 Domini
782 2590 1032 2639 millesimo
1056 2591 1516 2655 quadringentesimo
1540 2592 1924 2656 quinquagesimo
1947 2597 2119 2641 octauo
2157 2621 2166 2631 ·

566 2878 938 2926 Instrumentum
959 2879 1309 2929 Camerariatus
1326 2881 1387 2927 ad
1404 2881 1664 2929 tenendum
1682 2881 1787 2928 Iter
1805 2881 2073 2928 Camerarie
2092 2880 2139 2927 in
2159 2881 2355 2941 ciuitate
2375 2882 2491 2929 Bre-

566 2967 774 3014 chinensi
797 2982 882 3029 per
903 2967 936 3013 J
941 2967 1172 3015 ohannem
1197 2968 1497 3017 Schoriswod
1519 2969 1716 3016 fratrem
1737 2983 2009 3031 germanum
2036 2968 2226 3030 Georgii
2266 2969 2489 3032 Episcopi

567 3055 896 3103 Brechinensis
921 3060 970 3103 et
997 3055 1278 3118 Magistrum
1303 3056 1461 3104 Dauid
1487 3056 1671 3105 Guthre
1696 3057 1754 3103 de
1780 3055 2104 3118 Kyncaldrum
2143 3084 2152 3092 ·

477 3209 542 3255 90
576 3177 654 3255 In
701 3208 794 3255 Dei
838 3210 1024 3256 nomine
1072 3211 1226 3257 Amen
1270 3238 1279 3247 -
1323 3211 1415 3259 Per
1460 3211 1549 3258 hoc
1606 3225 1799 3273 presens
1844 3209 2082 3273 publicum
2127 3212 2487 3259 instrumentum

566 3296 748 3343 cunctis
770 3301 932 3358 pateat
958 3297 1202 3345 euidenter
1239 3299 1366 3361 quod
1403 3314 1526 3346 anno
1569 3298 1919 3346 Incarnationis
1956 3298 2205 3346 Dominice
2241 3299 2487 3347 millesimo

566 3383 1024 3447 quadringentesimo
1069 3385 1452 3448 quinquagesimo
1486 3401 1608 3434 nono
1642 3387 1900 3434 secundum
1935 3401 2120 3440 cursum
2159 3392 2207 3434 et
2243 3393 2483 3450 computa-
