2950 3970
474 610 548 664 46
626 612 1092 669 REGISTRUM
1130 614 1672 670 EPISCOPATUS
1714 613 2309 669 BRECHINENSIS.

393 886 422 914 *
478 884 695 936 Donacio
729 889 851 950 juris
891 893 1174 953 patronatus
1207 889 1407 939 ecclesie
1442 891 1501 938 de
1543 889 1833 954 Cortoqwhy
1874 890 2072 940 ecclesie
2111 894 2161 938 et
2198 890 2407 953 capitulo

479 975 790 1026 Brechinensi
829 1005 838 1016 ·

386 1153 452 1198 32
488 1119 771 1201 Universis
806 1154 952 1203 Cristi
987 1154 1202 1203 fidelibus
1237 1159 1481 1218 presentes
1514 1154 1679 1203 literas
1711 1154 1880 1203 visuris
1910 1153 1985 1201 vel
2017 1153 2251 1202 audituris
2275 1153 2410 1201 Wal-

477 1242 608 1287 terus
633 1241 881 1290 Palatinus
905 1243 963 1290 de
987 1243 1268 1291 Stratherne
1289 1243 1482 1291 Atholie
1506 1247 1556 1292 et
1580 1243 1813 1291 Cathanie
1838 1242 2008 1291 Comes
2029 1257 2088 1290 ac
2111 1242 2326 1291 dominus
2349 1243 2407 1290 de

479 1328 726 1391 Brechyne
762 1334 811 1378 et
848 1331 905 1377 de
942 1331 1265 1395 Cortowquhy
1299 1331 1500 1380 salutem
1535 1332 1583 1378 in
1606 1331 1829 1397 *Domino
1865 1359 1877 1368 -
1915 1331 2038 1386 Quia
2071 1330 2195 1378 inter
2225 1333 2410 1378 ceteras

476 1415 701 1464 ecclesias
723 1418 853 1480 regni
878 1419 1039 1467 Scotie
1074 1421 1134 1467 ad
1170 1419 1417 1469 ecclesiam
1453 1419 1774 1468 cathedralem
1798 1419 2165 1467 Brechinensem
2187 1417 2410 1466 intuitum

475 1509 687 1553 nostrum
727 1506 983 1570 dirigentes
1020 1537 1031 1546 ·
1068 1509 1432 1558 Consideramus
1457 1511 1582 1573 qnod
1606 1510 1813 1557 decanus
1845 1513 1896 1556 et
1931 1507 2189 1571 capitulum
2225 1522 2282 1555 ac
2317 1507 2412 1556 sin-

474 1593 571 1655 guli
595 1594 813 1642 canonici
849 1600 899 1643 et
934 1596 1136 1645 ministri
1161 1598 1287 1646 dicte
1323 1597 1522 1647 ecclesie
1545 1613 1631 1661 pro
1653 1597 1790 1646 nobis
1811 1596 2190 1645 antecessoribus
2222 1600 2272 1644 et
2307 1611 2412 1644 suc-

475 1683 739 1730 cessoribus
774 1684 950 1732 nostris
986 1685 1035 1731 in
1074 1685 1272 1734 diuersis
1308 1686 1482 1734 diuinis
1518 1685 1684 1734 officiis
1719 1689 1768 1733 et
1808 1685 2020 1734 seruiciis
2055 1688 2104 1732 et
2139 1684 2411 1748 specialiter

475 1771 690 1833 exequiis
723 1773 899 1820 nostris
934 1789 991 1820 ac
1027 1773 1135 1822 aliis
1169 1774 1496 1837 multipliciter
1518 1774 1701 1822 onerati
1739 1778 1788 1822 et
1812 1774 2023 1822 strictius
2046 1773 2241 1835 obligati
2264 1772 2410 1821 exist-

474 1862 560 1904 unt
584 1874 770 1922 quoque
793 1861 994 1909 attentis
1017 1863 1271 1909 eorundem
1297 1863 1628 1911 canonicorum
1650 1862 1890 1910 laboribus
1913 1866 1962 1910 et
1986 1861 2206 1910 oneribus
2227 1861 2410 1909 fructus

477 1961 665 1994 suarum
701 1949 1043 2010 prebendarum
1067 1950 1208 1998 nimis
1231 1955 1341 1999 sunt
1363 1955 1532 1999 tenues
1567 1955 1616 1998 et
1649 1950 1799 1999 exiles
1833 1955 1882 1998 et
1917 1951 1978 1998 ad
2015 1950 2306 2013 quorundam
2341 1949 2410 2012 ip-

478 2050 634 2082 sorum
669 2037 979 2085 sufficientem
1015 2039 1412 2087 sustentationem
1448 2039 1604 2087 minus
1639 2039 1925 2088 sufficientes
1962 2067 1972 2076 ·
2010 2037 2241 2086 Volentes
2269 2037 2411 2100 igitur

478 2123 631 2171 eidem
667 2124 868 2174 ecclesie
903 2127 961 2174 de
996 2126 1156 2190 aliquo
1193 2127 1478 2175 releuamine
1513 2128 1762 2191 prouidere
1796 2128 1854 2175 ad
1892 2127 2119 2174 honorem
2159 2126 2257 2173 Dei
2298 2126 2410 2173 Om-

477 2300 680 2349 ecclesia
711 2303 884 2350 futuris
916 2304 1208 2366 temporibus
1242 2304 1562 2368 ampliandum
1600 2333 1610 2342 ·
1648 2305 1715 2353 Et
1737 2320 1824 2368 pro
1847 2304 2005 2352 anima
2027 2307 2190 2352 nostra
2223 2307 2274 2351 et
2307 2303 2406 2350 ani-

477 2390 644 2437 mabus
666 2394 1018 2439 antecessorum
1043 2396 1092 2440 et
1116 2407 1438 2441 successorum
1472 2397 1740 2442 nostrorum
1773 2393 1808 2440 J
1812 2408 1868 2440 us
1900 2395 2179 2456 patronatus
2210 2391 2407 2439 ecclesie

476 2478 758 2540 parochialis
795 2480 853 2526 de
889 2479 1214 2543 Cortowquhy
1239 2481 1573 2529 Brechinensis
1596 2480 1812 2529 dioecesis
1836 2495 1894 2528 ac
1917 2496 2054 2527 omne
2078 2483 2127 2527 et
2150 2483 2304 2527 totum
2329 2479 2409 2541 jus

477 2567 598 2628 quod
624 2582 710 2615 nos
732 2567 959 2627 habemus
995 2596 1006 2604 ·
1045 2596 1055 2605 ·
1094 2596 1104 2605 ·
1140 2569 1188 2615 in
1225 2569 1355 2616 dicta
1388 2567 1590 2617 ecclesia
1611 2583 1814 2616 unacum
1836 2568 2009 2616 ceteris
2031 2572 2081 2616 et
2104 2567 2409 2631 possessioni-

476 2655 565 2702 bus
587 2670 644 2701 ac
667 2654 775 2703 aliis
796 2655 1097 2718 pertinentiis
1120 2657 1181 2703 ad
1205 2657 1405 2704 eandem
1428 2656 1676 2705 ecclesiam
1701 2657 2028 2720 spectantibus
2063 2685 2072 2693 ·
2113 2685 2121 2692 -
2163 2684 2172 2693 ·
2209 2656 2407 2704 Decano

479 2742 701 2806 Capitulo
725 2747 773 2790 et
798 2743 1051 2792 Canonicis
1085 2744 1133 2792 in
1169 2745 1335 2793 eadem
1372 2745 1682 2794 Brechinensi
1716 2744 1919 2793 ecclesia
1953 2745 2060 2792 Deo
2093 2744 2408 2793 seruientibus

478 2836 527 2878 et
568 2832 910 2894 imperpetuum
957 2832 1204 2882 seruituris
1249 2833 1575 2882 consentiente
1619 2835 1680 2881 ad
1721 2833 1811 2881 boc
1851 2833 2108 2880 reuerendo
2153 2832 2203 2879 in
2248 2832 2406 2881 Cristo

477 2924 614 2983 patre
650 2924 699 2967 et
736 2920 926 2967 domino
961 2921 1149 2969 domino
1172 2922 1206 2968 J
1210 2922 1394 2969 ohanne
1418 2921 1513 2969 Dei
1534 2921 1690 2984 gratia
1721 2921 1942 2984 episcopo
1967 2920 2274 2969 Brechinensi
2297 2936 2407 2968 con-

479 3008 690 3055 cedimus
728 3022 788 3055 ac
833 3024 948 3070 pure
990 3013 1039 3057 et
1075 3010 1354 3073 simpliciter
1388 3011 1439 3058 in
1471 3026 1638 3074 puram
1684 3013 1734 3058 et
1779 3013 2055 3074 perpetuam
2101 3007 2404 3057 elemosinam

479 3096 692 3159 perfecta
725 3096 979 3144 donatione
1013 3097 1237 3160 largimur
1275 3127 1285 3136 -
1324 3099 1390 3146 Et
1414 3099 1476 3147 ad
1498 3098 1638 3146 finem
1662 3099 1787 3163 quod
1812 3098 1928 3145 dicti
1953 3098 2159 3145 decanus
2182 3101 2232 3144 et
2265 3113 2405 3146 cano-

477 3184 573 3231 nici
596 3183 644 3230 in
668 3183 964 3246 possessione
987 3184 1200 3248 plenaria
1215 3186 1338 3247 juris
1361 3186 1628 3236 huiusmodi
1663 3186 2014 3235 constituantur
2050 3213 2061 3222 ·
2097 3184 2328 3234 Volumus
2355 3190 2404 3234 et

479 3272 749 3321 ordinamus
771 3286 830 3319 ac
854 3275 1018 3320 tenore
1054 3274 1343 3336 presentium
1383 3275 1685 3324 concedimus
1722 3275 1847 3338 quod
1885 3273 2102 3322 dominns
2131 3272 2403 3323 Willelmus
