2950 3970
717 627 1180 687 REGISTRUM
1218 635 1752 699 EPISCOPATUS
1793 647 2378 710 BRECHINENSIS.
2438 660 2502 710 61

589 813 864 878 specialiter
884 820 1067 869 vocatis
1090 825 1139 869 et
1164 825 1340 886 rogatis
1376 855 1387 864 ·
1427 829 1492 876 Et
1516 846 1602 893 ego
1627 832 1914 884 Laurencius
1932 838 2055 899 Pyot
2078 840 2310 902 presbiter
2329 843 2512 891 Sancti-

587 905 764 952 andree
789 906 1006 956 dioecesis
1028 909 1243 971 publicus
1276 916 1539 976 apostolica
1571 921 1828 971 autoritate
1853 926 2062 973 notarius
2086 931 2174 974 etc.
2215 956 2225 965 ·

587 1103 961 1154 Instrumentum
986 1109 1254 1160 donationis
1277 1113 1403 1177 ciphi
1428 1115 1648 1179 Capitulo
1674 1119 1979 1172 Brechinensi
2017 1154 2026 1163 -

495 1223 562 1269 4⁰
595 1226 675 1306 In
698 1261 889 1309 nomine
908 1263 1103 1312 Domini
1122 1266 1275 1314 Amen
1313 1297 1323 1306 -
1361 1271 1500 1318 Anno
1518 1271 1855 1323 incarnationis
1873 1276 2103 1323 dominice
2122 1275 2370 1325 millesimo
2389 1294 2502 1341 qua·

585 1348 950 1412 dringentesimo
973 1353 1384 1419 tricesimoquarto
1406 1360 1580 1408 mensis
1602 1377 1712 1409 vero
1742 1362 1924 1425 Aprilis
1948 1364 2022 1411 die
2047 1364 2399 1427 decimoquarto
2434 1366 2502 1412 in-

583 1437 790 1486 dictione
808 1440 1088 1490 duodecima
1104 1444 1407 1506 pontificatus
1424 1448 1709 1496 sanctissimi
1727 1449 1775 1497 in
1794 1449 1949 1498 Cristo
1966 1452 2114 1515 patris
2152 1480 2162 1489 ·
2200 1480 2210 1489 ·
2249 1480 2259 1489 ·
2298 1453 2494 1515 Eugenii

583 1554 594 1563 ·
633 1555 644 1564 ·
683 1554 694 1566 ·
730 1544 852 1592 pape
876 1530 1034 1592 quarti
1056 1547 1181 1579 anno
1219 1537 1387 1596 quarto
1425 1563 1434 1572 ·
1473 1535 1531 1582 In
1556 1536 1648 1583 mei
1670 1538 1843 1585 notarii
1878 1538 2053 1601 publici
2088 1544 2137 1587 et
2173 1541 2365 1587 testium
2391 1541 2497 1588 sub-

581 1615 838 1680 criptorum
874 1620 1115 1682 presentia
1147 1622 1460 1684 personaliter
1494 1624 1781 1673 constitutus
1806 1628 2088 1674 reuerendus
2111 1628 2158 1674 in
2182 1628 2338 1676 Cristo
2361 1633 2497 1690 pater

582 1733 593 1743 ·
633 1733 643 1743 ·
683 1733 692 1743 -
727 1707 976 1755 dohannes
998 1709 1248 1772 episcopus
1272 1711 1606 1762 Brechinensis
1629 1713 1709 1776 qui
1732 1714 1856 1760 inter
1879 1718 2038 1762 cetera
2072 1716 2322 1763 attendens
2357 1732 2493 1778 quam

577 1794 884 1844 honorificum
908 1800 958 1844 et
981 1798 1107 1860 apud
1127 1797 1287 1845 Deum
1311 1802 1360 1846 et
1383 1799 1596 1848 homines
1613 1799 1847 1848 laudabile
1871 1817 2002 1850 suam
2029 1807 2225 1850 matrem
2249 1804 2493 1852 ecclesiam

577 1884 664 1932 sub
688 1885 821 1934 cuius
843 1885 933 1934 alis
954 1890 1030 1934 tot
1054 1887 1178 1935 bona
1201 1888 1408 1951 suscepit
1425 1887 1660 1949 jocalibus
1683 1890 2043 1952 congruentibus
2066 1907 2150 1954 pro
2173 1907 2257 1939 suo
2280 1896 2490 1954 tempore

576 1973 802 2022 decorare
825 1975 952 2038 quod
976 1979 1026 2022 et
1049 1975 1164 2023 fecIt
1182 1980 1236 2023 ut
1260 1977 1308 2023 in
1332 1977 1556 2024 thezauro
1591 1977 1789 2026 ecclesie
1812 1981 1955 2041 atque
1991 1979 2153 2025 eadem
2178 1980 2359 2026 ratione
2384 1995 2493 2026 con-

574 2062 788 2112 siderans
810 2063 909 2112 suis
931 2064 1157 2112 fratribus
1181 2066 1360 2113 decano
1383 2069 1433 2113 et
1457 2066 1696 2114 canonicis
1718 2066 1842 2114 vasis
1875 2069 2109 2128 argenteis
2144 2067 2385 2114 destitutis
2407 2084 2490 2129 pro

574 2151 672 2200 suis
695 2151 1029 2202 coHacionibus
1052 2153 1101 2200 in
1122 2153 1394 2201 memoriam
1414 2154 1485 2202 sui
1502 2157 1779 2216 possetenus
1795 2154 2040 2216 prouidere
2074 2182 2083 2191 -
2122 2153 2277 2201 Unum
2302 2155 2486 2216 cipbum

569 2245 844 2304 argenteum
868 2242 1146 2290 deauratum
1170 2246 1219 2289 et
1243 2246 1514 2305 coopertum
1541 2257 1646 2288 cum
1671 2241 1815 2289 radiis
1838 2240 1950 2289 solis
1973 2257 2112 2304 super
2145 2243 2485 2304 coopertorium

571 2330 748 2393 sparsis
772 2331 831 2378 de
854 2332 1060 2394 pondere
1078 2334 1304 2394 quattuor
1321 2345 1581 2377 marcarum
1601 2330 1659 2377 de
1677 2334 1832 2391 troyss
1856 2334 1905 2376 et
1930 2329 2052 2376 ultra
2070 2329 2117 2375 in
2136 2345 2269 2377 cassa
2288 2331 2344 2376 de
2363 2331 2488 2377 corio

569 2419 854 2467 seruandum
889 2423 939 2466 et
977 2419 1024 2465 in
1069 2419 1293 2466 thezauro
1331 2417 1526 2481 capituli
1559 2420 1789 2480 perpetuo
1823 2418 2177 2464 custodiendum
2216 2417 2405 2464 realiter
2439 2423 2486 2464 et

568 2523 675 2555 cum
698 2507 870 2555 effectu
905 2511 1019 2555 tunc
1057 2506 1188 2554 dedit
1225 2510 1273 2554 et
1310 2506 1358 2553 in
1395 2505 1609 2553 manibus
1631 2504 1912 2552 thezaurarii
1947 2504 2223 2551 deliberauit
2263 2506 2322 2551 ad
2352 2521 2482 2553 usum

567 2596 858 2660 prefatorum
895 2595 1063 2643 decani
1100 2610 1157 2642 ac
1195 2594 1522 2642 canonicorum
1561 2593 1686 2640 dicte
1724 2592 1919 2640 ecclesie
1957 2593 2004 2638 in
2040 2593 2136 2640 suis
2166 2594 2485 2655 potationibus

566 2684 891 2733 communibus
914 2699 999 2747 pro
1022 2683 1138 2746 ipsis
1174 2686 1222 2730 et
1259 2682 1356 2731 suis
1379 2681 1724 2730 successoribus
1747 2684 1795 2728 et
1819 2679 1946 2727 nullo
1983 2681 2122 2727 modo
2144 2681 2203 2727 ad
2228 2680 2346 2728 alios
2375 2697 2483 2729 usus

565 2774 865 2822 alienandum
903 2800 914 2810 ·
952 2773 1017 2819 Et
1063 2788 1122 2819 ne
1169 2771 1325 2818 dictus
1369 2770 1533 2832 ciphus
1586 2769 1889 2831 imposterum
1934 2768 1994 2814 ad
2040 2766 2157 2815 alios
2204 2783 2312 2815 usus
2357 2775 2480 2816 esset

564 2879 819 2912 conuersus
841 2862 931 2909 hac
955 2860 1224 2909 conditione
1247 2859 1437 2906 adiecta
1459 2857 1720 2920 predictum
1746 2855 1932 2918 ciphum
1957 2860 2069 2902 tunc
2093 2854 2222 2901 dedit
2247 2856 2328 2901 viz.
2355 2859 2476 2918 quod

563 2953 770 3000 decanus
793 2955 842 2999 et
866 2948 1081 2998 canonici
1104 2947 1302 2995 ecclesie
1327 2943 1657 2993 Brechinensis
1680 2943 1855 2990 dictum
1875 2943 2059 3005 ciphum
2085 2943 2341 3005 cuicunque
2377 2961 2478 3006 per-

562 3057 676 3091 sone
700 3040 1087 3104 qualitercunque
1110 3036 1372 3084 alienantes
1396 3034 1492 3082 sive
1516 3033 1565 3079 in
1588 3031 1706 3080 alios
1730 3046 1839 3078 usus
1876 3034 2203 3077 conuertentes
2240 3035 2323 3077 aut
2360 3031 2476 3079 alias

562 3129 871 3194 quouismodo
908 3128 1255 3175 commutantes
1290 3138 1374 3170 seu
1409 3122 1786 3182 transportantes
1823 3122 1962 3164 extra
1983 3117 2254 3164 thezaurum
2277 3119 2474 3179 predicti

560 3217 756 3282 capituli
780 3216 871 3264 nisi
894 3215 1074 3279 precise
1098 3214 1159 3260 ad
1183 3227 1294 3260 usus
1320 3209 1558 3273 predictos
1595 3235 1604 3243 ·
1641 3205 1773 3253 Dicti
1798 3206 2001 3252 decanus
2039 3208 2087 3251 et
2123 3204 2375 3267 capitulum
2399 3207 2475 3268 qui

557 3324 643 3371 pro
660 3311 874 3369 tempore
896 3303 1072 3351 fuerint
1087 3299 1295 3364 plenarie
1311 3297 1494 3347 soluent
1513 3299 1562 3343 et
1581 3294 1759 3356 integre
1784 3292 2075 3341 satisfacient
2102 3292 2334 3354 Episcopo
2361 3293 2474 3339 Bre-
