2950 3970
450 634 523 688 82
619 632 1081 690 REGISTRUM
1119 631 1661 688 EPISCOPATUS
1702 629 2295 686 BRECHINENSIS.

451 822 607 869 culum
633 824 757 885 quod
782 823 904 870 infra
941 822 1106 885 viginti
1143 823 1347 885 quinque
1370 836 1520 874 annos
1542 820 1813 867 immediate
1848 820 2034 883 elapsos
2056 824 2376 868 tenementum

451 910 715 972 predictum
751 910 937 974 publice
973 915 1022 958 et
1058 909 1312 973 vulgariter
1335 908 1591 956 vocabatur
1626 924 1686 970 ye
1721 908 1957 972 bischopis
1988 907 2101 956 land
2138 936 2149 945 ·
2185 908 2262 956 Ad
2285 912 2380 955 ter-

448 998 569 1045 tium
603 998 852 1047 articulum
888 999 1130 1062 respondit
1163 998 1445 1045 affirmatiue
1483 1025 1492 1035 ·
1534 996 1613 1044 Ad
1650 1001 1868 1060 quartum
1904 996 2154 1044 articulum
2190 1011 2380 1058 respon-

452 1088 533 1134 det
557 1088 679 1150 quod
715 1088 834 1134 bene
869 1088 959 1135 scit
995 1088 1119 1150 quod
1154 1091 1475 1134 tenementum
1511 1086 1774 1148 predictum
1801 1085 1942 1138 debet
1977 1086 2222 1133 annuatim
2260 1085 2381 1147 epis-

453 1191 572 1238 copo
597 1175 906 1224 Brechinensi
941 1179 1145 1223 annuum
1179 1175 1414 1222 redditum
1439 1175 1522 1222 sed
1545 1174 1697 1222 nescit
1732 1165 1958 1237 quantum
1998 1201 2007 1210 ·
2046 1173 2127 1221 Ad
2163 1173 2378 1236 quintum

452 1263 568 1311 dicit
592 1264 717 1327 quod
746 1263 988 1311 Walterus
1006 1264 1254 1326 episcopus
1273 1263 1606 1311 Brechinensis
1629 1262 1808 1325 recepit
1832 1278 2036 1309 annuum
2062 1261 2297 1308 redditum
2322 1261 2380 1307 de

450 1353 578 1400 dicto
611 1357 885 1400 tenemento
920 1352 1021 1400 sine
1055 1353 1333 1400 namacione
1370 1380 1380 1388 ·
1419 1352 1495 1398 Ad
1537 1355 1727 1399 sextum
1763 1352 2016 1414 respondet
2051 1349 2331 1397 affirmatiue
2369 1377 2378 1385 ·

449 1441 688 1503 Septimus
719 1440 861 1490 testis
895 1441 978 1487 viz.
1018 1440 1275 1488 Nicholaus
1298 1439 1488 1488 Fowlar
1511 1440 1558 1486 in
1583 1439 1798 1487 omnibus
1835 1439 2090 1486 concordat
2125 1453 2229 1485 cum
2267 1439 2380 1485 duo-

449 1529 536 1576 bus
573 1529 737 1592 primis
769 1529 974 1577 testibus
997 1533 1046 1576 et
1070 1528 1198 1576 ultra
1231 1529 1320 1576 hoc
1344 1528 1479 1576 addit
1512 1529 1637 1591 q'uod
1671 1527 1789 1575 vidit
1815 1527 2084 1575 Walteru'm
2109 1527 2380 1590 episcopum

401 1598 406 1604 ⁵
452 1618 817 1666 Brechinensem
841 1617 942 1666 sine
966 1617 1303 1680 impedimento
1326 1617 1570 1664 annuatim
1605 1617 1814 1680 recipere
1850 1618 1908 1664 de
1934 1617 2072 1679 'dicto
2107 1621 2379 1666 tenemento

452 1706 560 1755 xxff
589 1734 600 1744 ·
637 1707 848 1754 Octauus
881 1706 1025 1754 testis¹
1056 1704 1238 1753 scilicet
1275 1704 1547 1753 Willelmus
1596 1705 1769 1768 Rugby
1814 1707 2148 1768 sexagenarius
2185 1735 2196 1744 ·
2234 1735 2244 1743 -
2284 1734 2293 1743 ·
2331 1706 2379 1751 in

451 1794 666 1842 omnibus
689 1794 944 1842 concordat
967 1810 1073 1841 cum
1098 1795 1263 1858 quinto
1293 1797 1422 1842 teste
1459 1821 1468 1830 ·
1508 1794 1574 1840 Et
1596 1793 1724 1842 ultra
1745 1794 1835 1842 boc
1858 1794 2139 1858 addit'quod
2165 1789 2380 1843 dominus

454 1883 690 1931 Henricus
724 1882 865 1945 Scely
899 1883 1184 1931 camerarius
1231 1884 1466 1946 quondam
1513 1882 1743 1945 Stephani
1791 1883 2000 1946 episcopi
2047 1883 2381 1931 Brechinensis

450 1970 582 2018 dedit
605 1971 696 2019 sibi
720 1987 782 2019 ex
805 1975 942 2034 parte
966 1971 1142 2019 domini
1166 1971 1376 2034 episcopi
1410 1970 1521 2018 xxff
1543 1974 1765 2035 'receptos
1790 1972 1847 2018 de
1871 1987 2027 2019 annuo
2051 1972 2239 2020 redditu
2264 1973 2379 2020 dicti

450 2059 710 2107 tenementi
748 2087 759 2096 ·
787 2060 863 2107 Et
887 2060 982 2107 ista
1003 2060 1279 2122 supradicta
1301 2060 1464 2107 dicunt
1488 2059 1689 2122 predicti
1712 2063 1910 2108 testes
1949 2088 1959 2097 ·
1998 2089 2008 2098 ·

516 2149 788 2211 Sequuntur
810 2148 1178 2211 subscriptiones
1199 2148 1490 2196 notariorum
1513 2152 1604 2195 etc.
1718 2154 1720 2157 '
1875 2146 1879 2152 “

518 2238 584 2284 Et
621 2253 708 2300 ego
750 2237 992 2285 Robertus
1033 2237 1092 2284 de
1134 2236 1380 2300 Hopprew
1413 2235 1638 2298 magister
1671 2235 1721 2282 in
1755 2235 1937 2284 artibus
1971 2237 2204 2299 presbiter
2243 2237 2380 2285 Glas-

448 2325 635 2388 guensis
672 2353 682 2362 -
722 2353 731 2362 ·
771 2353 782 2362 ·
817 2324 1080 2388 apostolica
1102 2325 1362 2372 autoritate
1386 2324 1598 2372 notarius
1635 2352 1645 2362 ·
1685 2351 1694 2361 ·
1735 2325 1914 2388 ·(etc)

516 2414 582 2462 Et
606 2429 692 2477 ego
717 2412 992 2460 Alexander
1015 2413 1194 2461 Thome
1219 2413 1278 2460 de
1303 2412 1617 2513 Kyndrochat
1640 2413 1875 2519 presbiter
1899 2408 2231 2462 Brechinensis
2267 2442 2277 2451 ·
2317 2443 2326 2450 -
2367 2442 2376 2451 ·

447 2502 677 2565 imperiali
699 2502 959 2550 autoritate
983 2502 1196 2550 notarius
1237 2529 1247 2538 ·
1280 2521 1295 2538 ¹·
1335 2529 1345 2538 ·

517 2591 581 2639 Et
622 2607 708 2653 ego
763 2590 999 2638 Patricius
1055 2588 1273 2637 Nicholai
1311 2588 1558 2691 presbiter
1604 2588 1937 2637 Brechinensis
1974 2617 1985 2626 ·
2023 2616 2034 2626 ·
2074 2617 2083 2626 -
2117 2591 2375 2638 autoritate

446 2679 658 2727 notarius
681 2678 912 2742 imperiali
950 2706 960 2716 ·
1000 2707 1010 2716 ·
1049 2707 1059 2715 -

514 2768 580 2816 Et
603 2784 690 2830 ego
717 2767 961 2815 Walterus
984 2767 1063 2814 de
1070 2753 1348 2829 Lychtoune
1367 2768 1525 2812 rector
1541 2765 1599 2811 de
1618 2763 1820 2812 Addelle
1859 2792 1868 2802 ·
1891 2765 1938 2812 J
1942 2766 2066 2812 udex
2089 2767 2374 2816 substitutus

499 2885 508 2894 -
548 2885 557 2894 ·
594 2857 642 2903 in
666 2867 810 2903 causa
832 2855 1047 2918 predicta
1070 2858 1257 2902 tantum
1296 2881 1306 2891 ·
1344 2853 1411 2901 Et
1428 2852 1547 2915 ‘quia
1581 2852 1629 2898 in
1663 2852 1878 2900 omnibus
1911 2855 1960 2900 et
1995 2847 2189 2915 singulis
2211 2870 2373 2918 supra-

444 2944 634 3007 scriptis
673 2958 868 3006 presens
908 2947 957 2990 et
990 2947 1230 3005 tanquam
1249 2941 1283 2988 J
1287 2942 1414 2988 udex
1451 2939 1736 2988 substitutus
1770 2939 1960 2987 interfui
1994 2967 2005 2977 ·
2042 2966 2054 2978 ·
2093 2969 2103 2978 ·
2140 2941 2248 2990 ideo
2286 2944 2375 2991 hoc

443 3048 637 3096 presens
675 3031 902 3093 scriptum
943 3030 1152 3079 clausum
1195 3028 1348 3092 sigillo
1389 3044 1496 3076 meo
1537 3026 1739 3090 sigillani
1774 3031 1823 3074 et
1858 3042 2000 3075 manu
2033 3030 2223 3092 propria
2267 3032 2375 3079 sub-

444 3120 611 3183 scripsi
648 3147 658 3157 ·
696 3120 837 3182 Apud
874 3119 1106 3166 Brechine
1143 3118 1324 3165 decimo
1358 3121 1498 3166 sexto
1533 3116 1610 3163 die
1643 3115 1818 3164 n'ie'n‘sis
1853 3115 2099 3164 Februarii
2133 3113 2257 3167 anno
2290 3121 2375 3167 tri-

446 3210 621 3258 cesimo
644 3208 809 3271 quinto
847 3235 857 3245 -
