2950 3970
515 612 589 669 72
687 611 1152 668 REGISTRUM
1190 612 1731 667 EPISCOPATUS
1775 611 2370 667 BRECHINENSIS.

515 803 651 862 patre
677 805 945 848 emanatam
985 816 1042 848 ac
1079 800 1227 864 ipsius
1259 800 1413 864 sigillo
1437 801 1639 848 rotundo
1669 800 1922 863 sigillatam
1948 801 2174 864 produxit
2211 804 2260 847 et
2299 800 2346 847 in
2371 800 2455 861 ju-

516 888 640 936 dicio
665 888 882 937 exhibuit
906 905 1000 952 qua
1038 887 1250 953 perlecta
1286 888 1442 936 dictus
1478 892 1757 951 procurator
1794 888 2046 936 citatorum
2084 889 2134 936 in
2171 889 2296 936 dicte
2337 887 2454 935 cita-

513 977 659 1024 tionis
701 977 866 1025 sedula
906 981 1235 1026 contentorum
1273 993 1365 1025 non
1407 977 1780 1040 comparentium
1822 977 2167 1025 contumaciam
2207 975 2452 1024 accusauit

517 1080 691 1128 eosque
731 1070 1036 1114 contumaces
1074 1066 1215 1130 petiit
1257 1066 1467 1129 reputari
1508 1070 1652 1129 atque
1693 1065 1741 1112 in
1784 1081 1943 1113 eorum
1982 1065 2330 1113 contumaciam
2369 1079 2452 1111 eos

514 1154 685 1200 iterum
711 1154 849 1201 citari
874 1170 960 1217 per
981 1154 1147 1202 literas
1171 1154 1286 1202 dicti
1311 1154 1558 1202 reuerendi
1581 1154 1733 1217 patris
1762 1154 1913 1201 tercio
1952 1157 2001 1201 et
2038 1153 2354 1216 peremptorie
2389 1154 2450 1200 ad

509 1242 703 1304 procedi
727 1242 983 1290 videndum
1032 1244 1081 1290 in
1119 1258 1262 1292 causa
1299 1243 1568 1291 huiusmodi
1605 1247 1745 1306 prout
1781 1243 1926 1290 fuerit
1949 1241 2148 1290 rationis
2171 1257 2313 1304 quam
2335 1240 2455 1288 cita-

513 1330 691 1377 tionem
718 1331 874 1379 dictus
898 1332 1183 1399 reuerendus
1205 1335 1344 1395 pater
1367 1331 1603 1380 concessit
1641 1336 1691 1379 et
1729 1330 1867 1379 citari
1904 1331 1965 1378 ad
2003 1330 2300 1377 undecimum
2325 1329 2450 1376 diem

512 1418 630 1466 dicti
654 1419 829 1468 mensis
851 1420 1169 1483 peremptorie
1203 1419 1305 1467 fieri
1328 1419 1476 1468 voluit
1511 1423 1561 1467 et
1595 1419 1840 1467 mandauit
1879 1446 1889 1456 ·
1927 1418 1993 1466 Et
2018 1419 2143 1482 quod
2167 1418 2323 1466 dictus
2345 1434 2451 1480 pro-

512 1511 704 1555 curator
740 1507 925 1571 aliquos
962 1512 1114 1557 testes
1149 1509 1210 1556 ad
1248 1523 1382 1557 suam
1421 1509 1734 1556 intentionem
1771 1508 1822 1555 in
1859 1507 2126 1556 huiusmodi
2163 1522 2307 1555 causa
2343 1522 2450 1570 pro-

511 1595 717 1643 bandam
741 1611 879 1645 senes
915 1600 964 1644 et
993 1596 1364 1645 valetudinarios
1401 1597 1460 1645 de
1497 1613 1694 1660 quorum
1728 1600 1880 1644 morte
1905 1600 1958 1643 ut
1982 1595 2106 1643 dixit
2129 1594 2448 1643 verisimilimc

507 1683 769 1731 timebatur
803 1684 894 1732 sibi
929 1700 1031 1733 esse
1066 1685 1358 1734 necessarios
1393 1685 1595 1734 asseruit
1630 1701 1826 1748 quorum
1862 1684 2009 1748 aliqui
2045 1684 2092 1731 in
2123 1683 2304 1745 judicio
2343 1699 2449 1746 pre-

511 1775 670 1819 sentes
692 1772 882 1820 fuerunt
906 1773 992 1820 viz.
1014 1772 1308 1821 venerabiles
1330 1773 1417 1820 viri
1450 1777 1499 1820 et
1537 1773 1713 1821 domini
1743 1772 1987 1821 Gilbertus
2013 1772 2173 1820 Broun
2198 1775 2449 1835 precentor

518 1859 851 1908 Brechinensis
885 1864 935 1909 et
972 1860 1215 1910 Galfridus
1237 1860 1548 1910 cancellarius
1571 1877 1689 1925 quos
1713 1878 1798 1925 per
1814 1861 2024 1923 judicem
2049 1861 2284 1908 instanter
2306 1861 2445 1908 citari

506 1948 648 2010 petiit
685 1950 811 2012 apud
847 1953 958 1997 acta
991 1965 1048 1998 ac
1083 1949 1203 1998 alios
1237 1953 1389 1998 testes
1424 1967 1510 2013 per
1543 1950 1697 2013 ipsum
1731 1953 2089 2013 procuratorem
2134 1948 2447 1996 nominandos

504 2052 642 2084 senes
688 2037 873 2085 scilicet
921 2042 970 2086 et
1014 2038 1386 2087 valetudinarios
1433 2039 1481 2086 in
1524 2054 1694 2102 penam
1736 2037 2032 2086 contumacie
2077 2036 2194 2084 dicti
2229 2036 2443 2098 magistri

506 2126 665 2172 Dauid
695 2129 745 2173 et
781 2125 980 2174 aliorum
1015 2126 1243 2175 interesse
1280 2127 1557 2175 habentium
1596 2155 1605 2165 ·
1643 2127 1710 2175 Et
1745 2143 1804 2174 ne
1840 2126 2016 2174 veritas
2051 2125 2371 2174 occultaretur
2393 2129 2442 2172 et

504 2214 642 2276 copia
664 2207 963 2276 probacionis
998 2215 1209 2264 fortuitis
1233 2216 1435 2264 casubus
1459 2217 1817 2264 subtraheretur
1839 2214 2123 2279 perhibituri
2145 2213 2284 2261 fidele
2306 2214 2442 2262 testi-

502 2303 709 2350 monium
734 2303 927 2351 veritati
951 2303 1000 2350 in
1025 2304 1155 2352 dicta
1178 2320 1322 2353 causa
1344 2321 1429 2368 per
1454 2304 1634 2352 dictum
1658 2305 1969 2352 reuerendum
1993 2306 2181 2367 patrem
2205 2301 2439 2364 legittime

501 2391 638 2438 citari
664 2392 899 2439 instanter
922 2391 1184 2455 postulauit
1223 2420 1232 2430 ·
1271 2393 1410 2441 Unde
1435 2393 1592 2441 dictus
1615 2393 1760 2440 iudex
1795 2407 1852 2440 ac
1887 2391 2174 2439 reuerendus
2207 2393 2346 2453 pater
2368 2393 2440 2437 at-

502 2481 702 2527 tendens
748 2479 1015 2528 huiusmodi
1051 2481 1332 2543 petitionem
1379 2481 1496 2529 dicti
1530 2480 1852 2544 procuratoris
1897 2495 2000 2528 esse
2039 2479 2136 2541 juri
2183 2493 2436 2526 consonam

502 2572 651 2616 testes
683 2573 798 2615 tunc
831 2573 1077 2632 presentes
1113 2569 1267 2618 dictos
1303 2569 1486 2617 seilicet
1523 2569 1736 2617 dominos
1777 2567 2045 2616 Gilbertum
2081 2571 2131 2614 et
2169 2565 2434 2614 Galfridum

503 2658 603 2703 vive
628 2657 757 2704 vocis
781 2656 972 2704 oraculo
996 2657 1057 2704 ad
1081 2661 1193 2705 acta
1216 2657 1387 2706 citauit
1423 2662 1472 2705 et
1507 2656 1628 2706 alios
1651 2661 1803 2706 testes
1827 2671 1965 2705 senes
1989 2660 2038 2704 et
2063 2655 2434 2703 valetudinarios

500 2746 720 2792 absentes
744 2749 793 2792 et
816 2744 1038 2808 precipue
1062 2745 1337 2808 magistrum
1363 2745 1676 2794 Cuthbertum
1702 2745 1932 2792 decanum
1957 2743 2325 2792 Brechinensem
2350 2744 2430 2806 qui

500 2849 586 2895 pro
609 2838 724 2880 tunc
746 2832 879 2895 graui
901 2832 1175 2881 infirmitate
1201 2834 1503 2881 detinebatur
1539 2837 1588 2881 et
1623 2832 1744 2881 alios
1766 2836 1918 2880 testes
1941 2847 2027 2895 per
2049 2831 2229 2879 dietum
2263 2846 2431 2894 procu-

499 2926 703 2969 ratorem
727 2919 1036 2970 nominandos
1060 2938 1145 2985 per
1168 2938 1242 2970 me
1267 2922 1469 2970 scribam
1504 2921 1633 2969 curie
1667 2920 1926 2968 Patricium
1952 2918 2170 2967 Nicholai
2194 2919 2429 2966 notarium

498 3009 736 3073 publicum
761 3009 899 3056 citari
925 3010 1138 3058 decreuit
1163 3014 1212 3059 et
1235 3010 1481 3058 mandauit
1504 3010 1564 3057 ad
1591 3010 1955 3073 comparendum
1980 3007 2068 3057 sub
2091 3024 2214 3071 pena
2237 3023 2427 3055 excom-

501 3097 833 3145 municationis
883 3098 1203 3160 perhibituros
1248 3099 1384 3146 fidele
1431 3098 1758 3147 testimonium
1804 3098 1853 3145 in
1900 3097 2031 3145 dicta
2077 3113 2220 3145 causa
2267 3112 2425 3143 coram

498 3186 686 3232 domino
713 3185 927 3232 Roberto
968 3186 1224 3248 Wyschart
1244 3191 1428 3235 rectore
1453 3188 1511 3234 de
1537 3187 1815 3250 Cukystoun
1841 3187 2183 3234 Sanctiandree
2209 3185 2425 3233 dioecesis

494 3277 539 3322 in
564 3275 652 3321 hac
677 3276 812 3335 parte
838 3273 954 3321 dicti
980 3275 1225 3322 reuerendi
1249 3276 1399 3338 patris
1422 3275 1683 3324 substituto
1706 3291 1831 3328 nono
1866 3274 1942 3322 die
1979 3274 2151 3322 mensis
2176 3273 2422 3320 Februarii
