2950 3970
1241 583 1701 638 TABULA.
2477 604 2590 640 xxv

491 761 636 802 CCXI.
693 760 945 800 Confirmatio
984 759 1165 810 Gregorii
1213 759 1396 810 Episcopi
1435 760 1704 800 Brechinensis
1741 759 1789 798 de
1826 761 2160 810 procuracionibus
2196 761 2392 800 faciendis.
2466 760 2586 813 [A.D.

473 951 643 991 CCXII.

446 1142 639 1182 CCXIII.

456 1269 645 1309 CCXIV.

479 1397 644 1436 CCXV.

458 1589 646 1629 CCXVI.

436 1717 648 1756 CCXVII.

411 1844 646 1884 CCXVIII.

462 1972 650 2011 CCXIX.

487 2163 651 2202 CCXX.

461 2291 650 2330 CCXXI.

445 2419 656 2457 CCXXII.

426 2546 662 2584 CCXXIII.

426 2674 657 2714 CCXXIV.

459 3383 488 3420 C
495 3380 665 3420 CXXV.

803 821 1010 876 1218-22.]

699 951 938 1000 Compositio
965 950 1069 988 facta
1096 951 1196 988 inter
1224 949 1435 988 Ecclesiam
1456 951 1767 1000 Brechynensem
1786 957 1826 990 et
1845 951 2119 990 Monasterium
2139 951 2186 989 de
2206 952 2469 991 Aberbrothoc
2490 958 2584 990 tem-

804 1026 897 1063 pore
930 1013 1061 1051 Albini
1089 1013 1284 1062 Episcopi.
1342 1011 1410 1064 [22
1432 1014 1521 1064 Sep.
1553 1014 1687 1068 1248.]

698 1140 908 1179 Ordinacio
929 1140 1066 1178 Albini
1085 1140 1269 1190 Episcopi
1287 1141 1571 1191 Brechynensis
1596 1155 1711 1192 super
1730 1143 1883 1181 vicariis
1902 1142 2003 1180 dicte
2022 1142 2196 1180 diocesis.
2252 1140 2319 1192 [22
2344 1142 2431 1190 Sep.
2456 1141 2586 1193 1248]

703 1269 961 1309 confirmacio
988 1269 1158 1319 Capituli
1186 1268 1456 1308 Brechinensis
1483 1268 1530 1306 de
1557 1268 1730 1307 ecclesiis
1769 1269 1870 1307 dicte
1906 1269 2080 1307 diocesis.
2154 1265 2221 1319 [22
2244 1268 2330 1317 Sep.
2355 1268 2485 1319 1248.]

702 1397 942 1446 Compositio
982 1396 1087 1434 facta
1126 1398 1226 1434 inter
1267 1395 1479 1434 Ecclesiam
1517 1395 1828 1445 Breohynensem
1859 1400 1898 1432 et
1930 1394 2203 1433 Monasterium
2243 1395 2290 1432 de
2327 1394 2589 1432 Aberbrothoc

806 1467 979 1510 tempore
997 1460 1026 1498 J
1030 1461 1191 1499 ohannis
1211 1460 1406 1510 Episcopi.
1460 1457 1527 1510 [21
1553 1460 1641 1498 Oct.
1664 1458 1794 1511 1304.]

705 1588 957 1656 Confirmatio
978 1589 1141 1638 Turpini
1161 1588 1344 1638 Episcopi
1361 1588 1409 1625 de
1431 1586 1595 1624 Brechin
1617 1586 1664 1624 de
1682 1586 1829 1624 decima
1847 1587 1951 1623 retis.
2008 1583 2129 1636 [A.D.
2164 1583 2365 1636 1178·80.]

705 1715 955 1756 Confirmatio
977 1716 1171 1765 Radulphi
1191 1716 1373 1765 Episcopi
1393 1714 1440 1752 de
1461 1713 1626 1752 Brechin
1645 1713 1692 1751 de
1711 1713 1861 1751 decima
1879 1713 1982 1750 retis.
2039 1708 2158 1762 [A.D.
2182 1709 2434 1761 11984218]

705 1844 954 1883 Confirmatio
976 1843 1158 1894 Episcopi
1180 1843 1359 1894 Hugonis
1379 1842 1427 1880 de
1446 1841 1626 1890 Brechyn
1645 1840 1693 1880 de
1711 1841 1861 1879 decima
1878 1842 1984 1879 retis.
2041 1837 2090 1890 [e.
2116 1837 2246 1889 1218.]

707 1973 957 2011 Confirmatio
991 1971 1172 2020 Gregorii
1206 1970 1391 2020 Episcopi
1422 1969 1470 2007 de
1507 1968 1672 2007 Brechin
1708 1968 1756 2006 de
1787 1967 1935 2006 decima
1972 1967 2082 2004 unius
2117 1965 2274 2014 plenarii
2312 1963 2413 2002 retis.
2470 1960 2591 2013 [A.D.

812 2034 1018 2086 1218-22.]
1442 2030 1444 2033 ’

709 2163 772 2202 De
792 2163 891 2201 tofto
910 2163 949 2201 in
971 2162 1061 2199 villa
1079 2162 1126 2199 de
1149 2160 1453 2200 Stracatherach.
1510 2156 1632 2210 [A.D.
1655 2155 1858 2207 1178-98.]

708 2291 964 2330 Confirmacio
985 2289 1178 2338 Radulphi
1200 2288 1382 2337 Episcopi
1404 2286 1672 2325 Brechinensis
1691 2284 1738 2322 de
1758 2283 1928 2333 predicto
1948 2280 2059 2319 tofto.
2116 2276 2244 2330 [A.D.
2266 2276 2463 2327 1202-18.]

714 2419 970 2458 Confirmacio
991 2417 1169 2467 Hugonis
1188 2415 1372 2465 Episcopi
1392 2413 1661 2452 Brechinensis
1679 2412 1726 2450 de
1745 2410 1848 2449 dicto
1867 2409 1978 2448 tofto.
2035 2406 2086 2458 [c.
2108 2405 2239 2457 1218.]

719 2546 968 2584 Confirmatio
990 2543 1170 2595 Gregorii
1189 2542 1371 2592 Episcopi
1392 2539 1660 2579 Brechinensis
1678 2539 1725 2576 de
1743 2538 1846 2576 dicto
1865 2536 1974 2575 tofto.
2030 2533 2150 2585 [A.D.
2174 2529 2372 2582 wls-22]

713 2674 903 2712 Vendicio
922 2679 1022 2711 terre
1042 2672 1089 2710 de
1111 2669 1339 2708 Drumsleed
1361 2669 1462 2706 facta
1482 2666 1671 2716 Gregorio
1691 2665 1883 2715 Episcopo
1904 2661 2178 2709 Brechynensi.
2233 2657 2361 2709 [A.D.
2384 2653 2584 2705 1218-22.]

897 2967 1270 3020 CARTAE
1337 2957 2083 3013 MISCELLANEAE

1123 3101 1154 3134 E
1187 3099 1351 3134 VARIIS
1386 3094 1590 3132 SCRINIIS
1624 3090 1866 3126 ALLATAE.

1270 3248 1710 3292 FINDOWRY.

722 3380 837 3418 Carta
855 3376 1018 3415 Walteri
1039 3373 1219 3424 Episcopi
1244 3370 1435 3409 Willelmo
1458 3368 1564 3405 Lam.
1622 3362 1691 3415 [10
1712 3363 1811 3401 Maii
1834 3360 1965 3411 1420]

1481 3432 1505 3467 4
