2950 3970
632 599 1096 657 REGISTRUM
1133 605 1668 666 EPISCOPATUS
1708 609 2291 667 BRECHINENSIS.
2335 610 2403 662 41

444 869 473 898 *
496 875 867 924 lustramentum
892 878 950 925 de
973 879 1229 929 donacione
1252 887 1482 933 terrarum
1507 887 1564 934 de
1589 887 1874 950 Cortoqwhy
1912 915 1921 924 ·

406 1052 471 1098 30
504 1019 582 1099 In
616 1052 804 1099 nomine
842 1053 1036 1101 Domini
1075 1056 1227 1103 Amen
1265 1085 1274 1094 ·
1312 1060 1450 1108 Anno
1484 1062 1543 1108 ab
1580 1062 1899 1109 incarnatione
1923 1061 2129 1109 eiusdem
2162 1057 2407 1106 millesimo

496 1140 956 1203 quadringentesimo
980 1143 1201 1192 vicesimo
1224 1161 1347 1194 nono
1375 1148 1450 1195 die
1475 1149 1648 1197 Sancte
1684 1149 1931 1198 Trinitatis
1953 1164 2041 1212 que
2064 1148 2154 1195 fuit
2188 1145 2407 1194 vicesima

495 1231 702 1277 secunda
726 1230 828 1278 dies
861 1231 1036 1280 mensis
1062 1232 1179 1295 Maij
1220 1262 1229 1271 ·
1267 1235 1534 1284 Indictione
1565 1237 1767 1300 septima
1800 1237 2099 1300 pontificatus
2136 1263 2146 1273 ·
2185 1263 2194 1272 ·
2234 1262 2243 1272 -
2281 1234 2408 1279 Mar-

495 1317 584 1364 tini
623 1345 633 1356 ·
672 1346 682 1355 ·
722 1346 732 1355 ·
767 1335 889 1382 pape
927 1320 1080 1383 quinti
1116 1337 1239 1369 anno
1271 1324 1546 1373 duodecimo
1583 1325 1860 1387 Magnificus
1905 1324 2121 1387 princeps
2160 1326 2208 1369 et
2241 1324 2410 1383 potens

496 1406 712 1455 dominus
736 1407 952 1456 dominus
975 1408 1221 1458 Walterus
1246 1411 1452 1460 Stewart
1476 1412 1721 1461 recolende
1755 1412 1976 1460 memorie
2011 1410 2186 1458 domini
2210 1407 2408 1456 Roberti

495 1495 688 1543 secundi
723 1497 959 1559 quondam
995 1497 1117 1559 regis
1153 1499 1312 1547 Scotie
1346 1500 1467 1548 filius
1501 1500 1758 1563 legittimus
1792 1500 2028 1563 palatinus
2051 1499 2109 1545 (16
2136 1497 2408 1545 Stratherne

495 1583 689 1632 Atholie
712 1589 762 1632 et
786 1584 1019 1633 Cathanie
1043 1601 1200 1635 comes
1241 1588 1454 1636 dominus
1489 1590 1546 1636 de
1585 1589 1815 1636 Brechine
1850 1592 1899 1635 et
1934 1589 1990 1635 de
2016 1587 2267 1648 Cortaqu
2308 1582 2410 1630 dili-

493 1672 622 1734 genti
646 1672 940 1721 auisamento
975 1678 1024 1722 et
1059 1678 1246 1722 matura
1274 1671 1614 1724 deliberacione
1649 1676 1907 1740 prehabitis
1931 1675 2060 1723 dedit
2094 1674 2142 1720 in
2176 1688 2336 1736 puram
2360 1676 2408 1718 et

494 1765 770 1824 perpetuam
795 1760 1085 1810 elimosinam
1110 1779 1195 1825 pro
1219 1779 1301 1811 sue
1337 1768 1386 1811 et
1421 1779 1608 1811 suorum
1637 1768 1983 1812 antecessorum
2015 1778 2072 1809 ac
2094 1775 2408 1810 successorum

494 1849 754 1897 anImarum
788 1849 942 1899 salute
978 1851 1085 1898 Deo
1121 1855 1170 1899 et
1206 1852 1487 1900 Beatissime
1522 1852 1743 1900 Trinitati
1778 1856 1827 1899 et
1862 1851 2040 1899 duobus
2075 1848 2327 1912 capellanis
2360 1851 2408 1894 et

494 1954 580 1986 sex
603 1938 761 2002 pueris
783 1938 832 1986 in
856 1938 1057 1987 ecclesia
1081 1939 1353 1987 Cathedrali
1379 1940 1686 1988 Brechinensi
1708 1956 1792 2003 pro
1827 1940 1983 1987 anima
2015 1954 2100 1986 sua
2133 1953 2188 1984 ac
2221 1951 2406 1984 suorum

494 2031 845 2075 antecessorum
869 2031 918 2075 et
942 2043 1262 2091 successorum
1286 2028 1602 2091 predictorum
1621 2028 1764 2089 juxta
1797 2032 1846 2075 et
1881 2027 2131 2074 secundum
2155 2024 2412 2072 ordinacio-

494 2132 602 2164 nem
641 2120 690 2164 et
725 2115 1175 2179 appunctuationem
1211 2116 1335 2164 inter
1370 2116 1546 2164 dictum
1571 2115 1807 2164 dominum
1832 2115 2048 2162 comitem
2072 2118 2120 2161 et
2143 2113 2407 2176 episcopum

494 2205 723 2252 decanum
758 2208 807 2252 et
841 2203 1100 2267 capitulum
1139 2203 1476 2252 Brechinensia
1499 2219 1639 2267 super
1673 2204 1762 2250 hoc
1794 2202 2034 2250 faciendas
2066 2217 2151 2264 pro
2183 2205 2407 2264 perpetuo

493 2291 802 2341 celebraturis
836 2296 885 2340 et
920 2307 1007 2355 pro
1029 2307 1234 2355 congrua
1268 2296 1317 2339 et
1351 2292 1550 2340 honesta
1572 2291 1916 2340 sustentatione
1940 2291 2188 2338 eorundem
2215 2288 2410 2351 quadra-

492 2381 624 2444 ginta
656 2380 803 2429 libras
835 2380 980 2428 annui
1015 2380 1228 2428 redditus
1263 2383 1449 2428 monete
1485 2380 1614 2442 regni
1650 2379 1808 2427 Scotie
1842 2395 1925 2442 pro
1947 2383 2156 2442 tempore
2180 2377 2406 2424 currentis

493 2471 551 2518 (16
575 2470 716 2518 terris
750 2470 848 2518 suis
882 2470 941 2517 de
966 2468 1223 2532 Cortaqu
1253 2468 1478 2531 predictis
1502 2467 1668 2530 quibus
1690 2467 1812 2514 forte
1843 2466 2164 2513 deficientibus
2198 2480 2280 2512 seu
2313 2464 2407 2511 alia

493 2559 570 2607 via
592 2573 884 2622 quacumque
919 2558 979 2605 ad
1015 2560 1344 2620 paupertatem
1367 2572 1450 2604 seu
1474 2559 1656 2603 tantam
1692 2553 2018 2616 impotenciam
2046 2552 2259 2600 deductIs
2282 2552 2403 2614 quod

494 2649 552 2695 de
576 2647 717 2695 dictis
739 2646 881 2695 terris
904 2646 1034 2693 dicta
1057 2660 1238 2693 summa
1261 2643 1572 2707 quadraginta
1605 2642 1824 2689 librarum
1859 2641 2007 2688 leuari
2040 2656 2131 2688 non
2165 2640 2312 2703 possit
2347 2641 2403 2686 de

494 2736 700 2785 dominio
734 2741 784 2783 et
819 2735 877 2782 de
912 2733 1053 2782 terris
1087 2732 1184 2780 suis
1219 2733 1276 2779 de
1310 2731 1514 2778 Brechin
1548 2729 1788 2777 annuatim
1811 2729 1986 2791 absque
2010 2727 2116 2775 dolo
2139 2743 2222 2775 seu
2242 2728 2404 2774 fraude

492 2825 818 2890 percipiendas
851 2827 900 2871 et
934 2822 1160 2870 leuandas
1196 2847 1207 2858 ·
1246 2819 1445 2867 Numine
1479 2819 1610 2866 cuius
1639 2817 1780 2864 annui
1803 2816 2013 2864 redditus
2036 2815 2168 2862 Idem
2193 2815 2404 2862 dominus

494 2929 652 2962 comes
674 2928 832 2960 coram
855 2925 1036 2959 summo
1059 2907 1199 2956 altari
1224 2907 1350 2955 dicte
1374 2906 1570 2954 ecclesie
1595 2903 1924 2952 Brechinensis
1947 2903 2086 2951 dictis
2109 2903 2184 2950 die
2218 2907 2266 2950 et
2299 2902 2403 2950 loco

492 3003 610 3050 hora
631 3016 798 3063 magne
821 2999 962 3047 misse
988 3001 1036 3044 et
1071 3001 1282 3059 tempore
1307 2994 1563 3042 oblacionis
1597 2994 1645 3039 in
1679 2992 1857 3054 signum
1881 2990 2186 3054 possessionis
2207 2991 2404 3053 predicti

493 3090 636 3139 annui
659 3089 872 3137 redditus
905 3103 989 3150 per
1023 3102 1129 3133 eum
1152 3083 1317 3131 traditi
1341 3086 1517 3129 certam
1541 3080 1721 3142 argenti
1745 3094 1969 3127 summam
1994 3093 2172 3125 necnon
2196 3082 2244 3125 et
2267 3079 2404 3125 cedu-

492 3180 588 3228 lam
612 3177 844 3242 quandam
868 3174 1109 3238 papiream
1131 3170 1358 3235 premissa
1381 3169 1429 3215 in
1463 3183 1513 3216 se
1548 3167 1863 3214 continentem
1889 3165 2088 3228 propriis
2110 3165 2322 3213 manibus
2344 3167 2403 3213 ad

494 3281 659 3316 manus
696 3261 940 3312 reuerendi
978 3261 1026 3308 in
1065 3260 1221 3307 Cristo
1258 3256 1406 3320 patris
1443 3259 1491 3303 et
1531 3254 1704 3303 domini
1745 3253 1919 3302 domini
1959 3253 1990 3299 J
1994 3252 2187 3300 ohannis
2226 3252 2318 3300 Dei
2358 3258 2406 3301 et

1435 3345 1463 3391 6
