<?xml version="1.0" encoding="UTF-8"?>
<!DOCTYPE html PUBLIC "-//W3C//DTD XHTML 1.0 Transitional//EN"
    "http://www.w3.org/TR/xhtml1/DTD/xhtml1-transitional.dtd">
<html xmlns="http://www.w3.org/1999/xhtml" xml:lang="en" lang="en">
 <head>
  <title>
</title>
<meta http-equiv="Content-Type" content="text/html;charset=utf-8" />
  <meta name='ocr-system' content='tesseract 3.04.00' />
  <meta name='ocr-capabilities' content='ocr_page ocr_carea ocr_par ocr_line ocrx_word'/>
</head>
<body>
  <div class='ocr_page' id='page_1' title='image "./registrumepiscop01brecuoft_0311.png"; bbox 0 0 2950 3970; ppageno 0'>
   <div class='ocr_carea' id='block_1_1' title="bbox 656 634 2482 705">
    <p class='ocr_par' dir='ltr' id='par_1_1' title="bbox 656 634 2482 705">
     <span class='ocr_line' id='line_1_1' title="bbox 656 634 2482 705; baseline 0.009 -16"><span class='ocrx_word' id='word_1_1' title='bbox 656 634 1121 691; x_wconf 77' lang='lat' dir='ltr'><strong>REGISTRUM</strong></span> <span class='ocrx_word' id='word_1_2' title='bbox 1162 637 1695 694; x_wconf 82' lang='lat' dir='ltr'>EPISCOPATUS</span> <span class='ocrx_word' id='word_1_3' title='bbox 1736 641 2322 703; x_wconf 87' lang='lat' dir='ltr'>BRECHINENSIS.</span> <span class='ocrx_word' id='word_1_4' title='bbox 2379 652 2482 705; x_wconf 90' lang='lat'>199</span> 
     </span>
    </p>
   </div>
   <div class='ocr_carea' id='block_1_2' title="bbox 539 821 2469 2308">
    <p class='ocr_par' dir='ltr' id='par_1_2' title="bbox 539 821 2469 2116">
     <span class='ocr_line' id='line_1_2' title="bbox 544 821 2469 899; baseline 0.008 -29"><span class='ocrx_word' id='word_1_5' title='bbox 544 821 662 871; x_wconf 91' lang='lat' dir='ltr'>libet</span> <span class='ocrx_word' id='word_1_6' title='bbox 698 825 958 888; x_wconf 77' lang='lat' dir='ltr'>respective</span> <span class='ocrx_word' id='word_1_7' title='bbox 993 826 1260 888; x_wconf 74' lang='lat' dir='ltr'>pertinebat</span> <span class='ocrx_word' id='word_1_8' title='bbox 1295 828 1481 875; x_wconf 89' lang='lat' dir='ltr'>nomine</span> <span class='ocrx_word' id='word_1_9' title='bbox 1522 832 1571 875; x_wconf 92' lang='lat' dir='ltr'>et</span> <span class='ocrx_word' id='word_1_10' title='bbox 1605 845 1666 876; x_wconf 88' lang='lat' dir='ltr'>ex</span> <span class='ocrx_word' id='word_1_11' title='bbox 1700 834 1834 892; x_wconf 88' lang='lat' dir='ltr'>parte</span> <span class='ocrx_word' id='word_1_12' title='bbox 1870 832 1985 879; x_wconf 95' lang='lat' dir='ltr'>dicti</span> <span class='ocrx_word' id='word_1_13' title='bbox 2022 833 2288 882; x_wconf 79' lang='lat' dir='ltr'>Reuerendi</span> <span class='ocrx_word' id='word_1_14' title='bbox 2324 839 2469 899; x_wconf 88' lang='lat' dir='ltr'>patris</span> 
     </span>
     <span class='ocr_line' id='line_1_3' title="bbox 546 912 2467 980; baseline 0.007 -22"><span class='ocrx_word' id='word_1_15' title='bbox 546 912 773 977; x_wconf 81' lang='lat' dir='ltr'>Episcopi</span> <span class='ocrx_word' id='word_1_16' title='bbox 811 915 1092 962; x_wconf 86' lang='lat' dir='ltr'>Brechinen.</span> <span class='ocrx_word' id='word_1_17' title='bbox 1129 919 1178 963; x_wconf 91' lang='lat' dir='ltr'>et</span> <span class='ocrx_word' id='word_1_18' title='bbox 1216 915 1414 964; x_wconf 77' lang='lat' dir='ltr'>ecclesie</span> <span class='ocrx_word' id='word_1_19' title='bbox 1454 932 1539 965; x_wconf 89' lang='lat' dir='ltr'>sue</span> <span class='ocrx_word' id='word_1_20' title='bbox 1574 917 1714 980; x_wconf 89' lang='lat' dir='ltr'>petiit</span> <span class='ocrx_word' id='word_1_21' title='bbox 1749 920 1979 968; x_wconf 86' lang='lat' dir='ltr'>secundas</span> <span class='ocrx_word' id='word_1_22' title='bbox 2017 921 2223 970; x_wconf 87' lang='lat' dir='ltr'>decimas</span> <span class='ocrx_word' id='word_1_23' title='bbox 2257 923 2467 972; x_wconf 84' lang='lat' dir='ltr'>villarum</span> 
     </span>
     <span class='ocr_line' id='line_1_4' title="bbox 542 1003 2463 1064; baseline 0.006 -16"><span class='ocrx_word' id='word_1_24' title='bbox 542 1003 857 1064; x_wconf 87' lang='lat' dir='ltr'>predictarum</span> <span class='ocrx_word' id='word_1_25' title='bbox 885 1004 1071 1052; x_wconf 85' lang='lat' dir='ltr'>debitas</span> <span class='ocrx_word' id='word_1_26' title='bbox 1095 1008 1143 1052; x_wconf 90' lang='lat' dir='ltr'>et</span> <span class='ocrx_word' id='word_1_27' title='bbox 1167 1009 1416 1053; x_wconf 87' lang='lat' dir='ltr'>consuetas</span> <span class='ocrx_word' id='word_1_28' title='bbox 1450 1005 1539 1053; x_wconf 90' lang='lat' dir='ltr'>sibi</span> <span class='ocrx_word' id='word_1_29' title='bbox 1562 1009 1612 1054; x_wconf 88' lang='lat' dir='ltr'>et</span> <span class='ocrx_word' id='word_1_30' title='bbox 1636 1005 1833 1055; x_wconf 89' lang='lat' dir='ltr'>ecclesie</span> <span class='ocrx_word' id='word_1_31' title='bbox 1861 1023 1943 1055; x_wconf 88' lang='lat' dir='ltr'>sue</span> <span class='ocrx_word' id='word_1_32' title='bbox 1968 1009 2027 1056; x_wconf 90' lang='lat' dir='ltr'>de</span> <span class='ocrx_word' id='word_1_33' title='bbox 2050 1010 2263 1059; x_wconf 88' lang='lat' dir='ltr'>terminis</span> <span class='ocrx_word' id='word_1_34' title='bbox 2299 1011 2463 1060; x_wconf 80' lang='lat' dir='ltr'>Sancti</span> 
     </span>
     <span class='ocr_line' id='line_1_5' title="bbox 546 1090 2464 1163; baseline 0.006 -26"><span class='ocrx_word' id='word_1_35' title='bbox 546 1090 744 1138; x_wconf 89' lang='lat' dir='ltr'>Martini</span> <span class='ocrx_word' id='word_1_36' title='bbox 782 1092 829 1139; x_wconf 92' lang='lat' dir='ltr'>in</span> <span class='ocrx_word' id='word_1_37' title='bbox 867 1093 1034 1155; x_wconf 86' lang='lat' dir='ltr'>hyeme</span> <span class='ocrx_word' id='word_1_38' title='bbox 1070 1109 1194 1141; x_wconf 86' lang='lat' dir='ltr'>anno</span> <span class='ocrx_word' id='word_1_39' title='bbox 1230 1093 1500 1156; x_wconf 88' lang='lat' dir='ltr'>supradicto</span> <span class='ocrx_word' id='word_1_40' title='bbox 1537 1093 1697 1158; x_wconf 88' lang='lat' dir='ltr'>elapso</span> <span class='ocrx_word' id='word_1_41' title='bbox 1734 1098 1782 1142; x_wconf 93' lang='lat' dir='ltr'>et</span> <span class='ocrx_word' id='word_1_42' title='bbox 1814 1096 1872 1142; x_wconf 90' lang='lat' dir='ltr'>de</span> <span class='ocrx_word' id='word_1_43' title='bbox 1906 1095 2011 1144; x_wconf 85' lang='lat' dir='ltr'>aliis</span> <span class='ocrx_word' id='word_1_44' title='bbox 2045 1099 2258 1147; x_wconf 84' lang='lat' dir='ltr'>terminis</span> <span class='ocrx_word' id='word_1_45' title='bbox 2292 1100 2464 1163; x_wconf 86' lang='lat' dir='ltr'>elapsis</span> 
     </span>
     <span class='ocr_line' id='line_1_6' title="bbox 542 1180 2460 1246; baseline 0.004 -20"><span class='ocrx_word' id='word_1_46' title='bbox 542 1187 649 1241; x_wconf 86' lang='lat' dir='ltr'>post</span> <span class='ocrx_word' id='word_1_47' title='bbox 686 1180 1030 1229; x_wconf 85' lang='lat' dir='ltr'>institutionem</span> <span class='ocrx_word' id='word_1_48' title='bbox 1068 1182 1183 1229; x_wconf 92' lang='lat' dir='ltr'>dicti</span> <span class='ocrx_word' id='word_1_49' title='bbox 1220 1183 1488 1230; x_wconf 85' lang='lat' dir='ltr'>Reuerendi</span> <span class='ocrx_word' id='word_1_50' title='bbox 1522 1183 1670 1246; x_wconf 89' lang='lat' dir='ltr'>patris</span> <span class='ocrx_word' id='word_1_51' title='bbox 1703 1185 1751 1230; x_wconf 90' lang='lat' dir='ltr'>in</span> <span class='ocrx_word' id='word_1_52' title='bbox 1777 1183 2066 1246; x_wconf 84' lang='lat' dir='ltr'>Episcopatu</span> <span class='ocrx_word' id='word_1_53' title='bbox 2103 1187 2410 1236; x_wconf 89' lang='lat' dir='ltr'>Brechinensi</span> <span class='ocrx_word' id='word_1_54' title='bbox 2452 1217 2460 1225; x_wconf 89' lang='lat'>-</span> 
     </span>
     <span class='ocr_line' id='line_1_7' title="bbox 543 1268 2462 1339; baseline 0.005 -25"><span class='ocrx_word' id='word_1_55' title='bbox 543 1268 832 1339; x_wconf 31' lang='lat' dir='ltr'>Quiquidem·</span> <span class='ocrx_word' id='word_1_56' title='bbox 866 1274 1086 1318; x_wconf 88' lang='lat' dir='ltr'>tenentes</span> <span class='ocrx_word' id='word_1_57' title='bbox 1125 1275 1174 1318; x_wconf 93' lang='lat' dir='ltr'>et</span> <span class='ocrx_word' id='word_1_58' title='bbox 1220 1271 1539 1319; x_wconf 81' lang='lat' dir='ltr'>inhabitantes</span> <span class='ocrx_word' id='word_1_59' title='bbox 1579 1271 1791 1319; x_wconf 86' lang='lat' dir='ltr'>villarum</span> <span class='ocrx_word' id='word_1_60' title='bbox 1833 1272 2149 1335; x_wconf 87' lang='lat' dir='ltr'>predictarum</span> <span class='ocrx_word' id='word_1_61' title='bbox 2191 1274 2462 1337; x_wconf 87' lang='lat' dir='ltr'>singillatim</span> 
     </span>
     <span class='ocr_line' id='line_1_8' title="bbox 542 1359 2463 1422; baseline 0.004 -18"><span class='ocrx_word' id='word_1_62' title='bbox 542 1359 884 1420; x_wconf 89' lang='lat' dir='ltr'>responderunt</span> <span class='ocrx_word' id='word_1_63' title='bbox 908 1360 1032 1422; x_wconf 91' lang='lat' dir='ltr'>quod</span> <span class='ocrx_word' id='word_1_64' title='bbox 1063 1360 1120 1406; x_wconf 92' lang='lat' dir='ltr'>de</span> <span class='ocrx_word' id='word_1_65' title='bbox 1146 1359 1318 1407; x_wconf 89' lang='lat' dir='ltr'>debitis</span> <span class='ocrx_word' id='word_1_66' title='bbox 1340 1375 1424 1422; x_wconf 86' lang='lat' dir='ltr'>per</span> <span class='ocrx_word' id='word_1_67' title='bbox 1446 1375 1528 1407; x_wconf 90' lang='lat' dir='ltr'>eos</span> <span class='ocrx_word' id='word_1_68' title='bbox 1551 1360 1609 1406; x_wconf 90' lang='lat' dir='ltr'>de</span> <span class='ocrx_word' id='word_1_69' title='bbox 1633 1359 1773 1407; x_wconf 90' lang='lat' dir='ltr'>dictis</span> <span class='ocrx_word' id='word_1_70' title='bbox 1804 1360 1945 1408; x_wconf 90' lang='lat' dir='ltr'>terris</span> <span class='ocrx_word' id='word_1_71' title='bbox 1979 1360 2131 1409; x_wconf 89' lang='lat' dir='ltr'>solitis</span> <span class='ocrx_word' id='word_1_72' title='bbox 2153 1366 2202 1409; x_wconf 90' lang='lat' dir='ltr'>et</span> <span class='ocrx_word' id='word_1_73' title='bbox 2226 1365 2463 1412; x_wconf 89' lang='lat' dir='ltr'>consuetis</span> 
     </span>
     <span class='ocr_line' id='line_1_9' title="bbox 543 1447 2461 1513; baseline 0.003 -20"><span class='ocrx_word' id='word_1_74' title='bbox 543 1447 731 1494; x_wconf 92' lang='lat' dir='ltr'>domino</span> <span class='ocrx_word' id='word_1_75' title='bbox 766 1451 997 1494; x_wconf 85' lang='lat' dir='ltr'>terrarum</span> <span class='ocrx_word' id='word_1_76' title='bbox 1039 1447 1369 1496; x_wconf 87' lang='lat' dir='ltr'>satisfecerunt</span> <span class='ocrx_word' id='word_1_77' title='bbox 1402 1448 1612 1495; x_wconf 89' lang='lat' dir='ltr'>dicentes</span> <span class='ocrx_word' id='word_1_78' title='bbox 1646 1449 1770 1510; x_wconf 90' lang='lat' dir='ltr'>quod</span> <span class='ocrx_word' id='word_1_79' title='bbox 1812 1447 1928 1494; x_wconf 90' lang='lat' dir='ltr'>nulli</span> <span class='ocrx_word' id='word_1_80' title='bbox 1968 1448 2107 1496; x_wconf 86' lang='lat' dir='ltr'>alteri</span> <span class='ocrx_word' id='word_1_81' title='bbox 2144 1451 2362 1513; x_wconf 89' lang='lat' dir='ltr'>quicquid</span> <span class='ocrx_word' id='word_1_82' title='bbox 2404 1453 2461 1499; x_wconf 90' lang='lat' dir='ltr'>de</span> 
     </span>
     <span class='ocr_line' id='line_1_10' title="bbox 542 1535 2459 1602; baseline 0.003 -21"><span class='ocrx_word' id='word_1_83' title='bbox 542 1535 880 1597; x_wconf 85' lang='lat' dir='ltr'>prenominatis</span> <span class='ocrx_word' id='word_1_84' title='bbox 903 1536 1044 1583; x_wconf 88' lang='lat' dir='ltr'>terris</span> <span class='ocrx_word' id='word_1_85' title='bbox 1069 1537 1181 1583; x_wconf 85' lang='lat' dir='ltr'>dare</span> <span class='ocrx_word' id='word_1_86' title='bbox 1205 1535 1436 1583; x_wconf 85' lang='lat' dir='ltr'>voluerint</span> <span class='ocrx_word' id='word_1_87' title='bbox 1459 1536 1634 1598; x_wconf 83' lang='lat' dir='ltr'>absque</span> <span class='ocrx_word' id='word_1_88' title='bbox 1657 1537 1881 1583; x_wconf 86' lang='lat' dir='ltr'>mandato</span> <span class='ocrx_word' id='word_1_89' title='bbox 1915 1537 2030 1584; x_wconf 90' lang='lat' dir='ltr'>dicti</span> <span class='ocrx_word' id='word_1_90' title='bbox 2055 1538 2227 1584; x_wconf 89' lang='lat' dir='ltr'>domini</span> <span class='ocrx_word' id='word_1_91' title='bbox 2251 1542 2459 1602; x_wconf 87' lang='lat' dir='ltr'>tempore</span> 
     </span>
     <span class='ocr_line' id='line_1_11' title="bbox 542 1623 2458 1686; baseline 0.003 -17"><span class='ocrx_word' id='word_1_92' title='bbox 542 1623 797 1671; x_wconf 84' lang='lat' dir='ltr'>existentis</span> <span class='ocrx_word' id='word_1_93' title='bbox 857 1652 866 1661; x_wconf 89' lang='lat'>-</span> <span class='ocrx_word' id='word_1_94' title='bbox 925 1624 1077 1686; x_wconf 86' lang='lat' dir='ltr'>Super</span> <span class='ocrx_word' id='word_1_95' title='bbox 1128 1623 1298 1685; x_wconf 89' lang='lat' dir='ltr'>quibus</span> <span class='ocrx_word' id='word_1_96' title='bbox 1343 1624 1559 1672; x_wconf 89' lang='lat' dir='ltr'>omnibus</span> <span class='ocrx_word' id='word_1_97' title='bbox 1595 1628 1643 1671; x_wconf 90' lang='lat' dir='ltr'>et</span> <span class='ocrx_word' id='word_1_98' title='bbox 1677 1624 1870 1686; x_wconf 86' lang='lat' dir='ltr'>singulis</span> <span class='ocrx_word' id='word_1_99' title='bbox 1916 1625 2071 1672; x_wconf 90' lang='lat' dir='ltr'>dictus</span> <span class='ocrx_word' id='word_1_100' title='bbox 2117 1627 2329 1675; x_wconf 88' lang='lat' dir='ltr'>dominus</span> <span class='ocrx_word' id='word_1_101' title='bbox 2372 1629 2404 1674; x_wconf 87' lang='lat' dir='ltr'><strong>J</strong></span> <span class='ocrx_word' id='word_1_102' title='bbox 2409 1644 2458 1675; x_wconf 89' lang='lat' dir='ltr'>o·-</span> 
     </span>
     <span class='ocr_line' id='line_1_12' title="bbox 539 1711 2459 1775; baseline 0.003 -18"><span class='ocrx_word' id='word_1_103' title='bbox 539 1712 719 1760; x_wconf 86' lang='lat' dir='ltr'>hannes</span> <span class='ocrx_word' id='word_1_104' title='bbox 754 1728 784 1758; x_wconf 90' lang='lat' dir='ltr'>a</span> <span class='ocrx_word' id='word_1_105' title='bbox 817 1728 892 1759; x_wconf 89' lang='lat' dir='ltr'>me</span> <span class='ocrx_word' id='word_1_106' title='bbox 927 1713 1113 1760; x_wconf 88' lang='lat' dir='ltr'>notario</span> <span class='ocrx_word' id='word_1_107' title='bbox 1141 1711 1329 1775; x_wconf 90' lang='lat' dir='ltr'>publico</span> <span class='ocrx_word' id='word_1_108' title='bbox 1380 1739 1390 1748; x_wconf 91' lang='lat'><strong>·</strong></span> <span class='ocrx_word' id='word_1_109' title='bbox 1443 1738 1453 1748; x_wconf 90' lang='lat'><strong>·</strong></span> <span class='ocrx_word' id='word_1_110' title='bbox 1507 1739 1516 1748; x_wconf 90' lang='lat'>·</span> <span class='ocrx_word' id='word_1_111' title='bbox 1565 1711 1704 1774; x_wconf 89' lang='lat' dir='ltr'>petiit</span> <span class='ocrx_word' id='word_1_112' title='bbox 1754 1740 1765 1748; x_wconf 91' lang='lat'><strong>·</strong></span> <span class='ocrx_word' id='word_1_113' title='bbox 1817 1740 1827 1749; x_wconf 90' lang='lat'><strong>·</strong></span> <span class='ocrx_word' id='word_1_114' title='bbox 1881 1740 1890 1750; x_wconf 90' lang='lat'>-</span> <span class='ocrx_word' id='word_1_115' title='bbox 1933 1713 2247 1761; x_wconf 89' lang='lat' dir='ltr'>instrumenta</span> <span class='ocrx_word' id='word_1_116' title='bbox 2286 1742 2296 1752; x_wconf 89' lang='lat'>·</span> <span class='ocrx_word' id='word_1_117' title='bbox 2336 1718 2459 1762; x_wconf 87' lang='lat' dir='ltr'>Acta</span> 
     </span>
     <span class='ocr_line' id='line_1_13' title="bbox 541 1799 2460 1864; baseline 0.001 -17"><span class='ocrx_word' id='word_1_118' title='bbox 541 1805 676 1847; x_wconf 89' lang='lat' dir='ltr'>erant</span> <span class='ocrx_word' id='word_1_119' title='bbox 700 1802 787 1848; x_wconf 89' lang='lat' dir='ltr'>hec</span> <span class='ocrx_word' id='word_1_120' title='bbox 811 1817 951 1864; x_wconf 90' lang='lat' dir='ltr'>super</span> <span class='ocrx_word' id='word_1_121' title='bbox 983 1802 1178 1848; x_wconf 89' lang='lat' dir='ltr'>fundum</span> <span class='ocrx_word' id='word_1_122' title='bbox 1202 1800 1417 1847; x_wconf 83' lang='lat' dir='ltr'>villarum</span> <span class='ocrx_word' id='word_1_123' title='bbox 1451 1799 1795 1847; x_wconf 87' lang='lat' dir='ltr'>antedictarum</span> <span class='ocrx_word' id='word_1_124' title='bbox 1821 1801 1905 1848; x_wconf 90' lang='lat' dir='ltr'>sub</span> <span class='ocrx_word' id='word_1_125' title='bbox 1929 1816 2051 1848; x_wconf 90' lang='lat' dir='ltr'>anno</span> <span class='ocrx_word' id='word_1_126' title='bbox 2087 1836 2097 1846; x_wconf 89' lang='lat'><strong>.</strong></span> <span class='ocrx_word' id='word_1_127' title='bbox 2136 1802 2266 1864; x_wconf 89' lang='lat' dir='ltr'>(etc.)</span> <span class='ocrx_word' id='word_1_128' title='bbox 2302 1836 2313 1848; x_wconf 90' lang='lat'>.</span> <span class='ocrx_word' id='word_1_129' title='bbox 2351 1803 2460 1849; x_wconf 89' lang='lat' dir='ltr'>Pre-</span> 
     </span>
     <span class='ocr_line' id='line_1_14' title="bbox 541 1887 2458 1943; baseline -0.001 -6"><span class='ocrx_word' id='word_1_130' title='bbox 541 1890 755 1938; x_wconf 88' lang='lat' dir='ltr'>sentibus</span> <span class='ocrx_word' id='word_1_131' title='bbox 772 1890 946 1937; x_wconf 90' lang='lat' dir='ltr'>ibidem</span> <span class='ocrx_word' id='word_1_132' title='bbox 967 1890 1186 1938; x_wconf 90' lang='lat' dir='ltr'>discretis</span> <span class='ocrx_word' id='word_1_133' title='bbox 1203 1889 1315 1937; x_wconf 85' lang='lat' dir='ltr'>viris</span> <span class='ocrx_word' id='word_1_134' title='bbox 1331 1888 1365 1934; x_wconf 87' lang='lat' dir='ltr'>J</span> <span class='ocrx_word' id='word_1_135' title='bbox 1369 1888 1551 1937; x_wconf 89' lang='lat' dir='ltr'>ohanne</span> <span class='ocrx_word' id='word_1_136' title='bbox 1572 1888 1772 1935; x_wconf 84' lang='lat' dir='ltr'>Roberti</span> <span class='ocrx_word' id='word_1_137' title='bbox 1794 1887 2034 1936; x_wconf 89' lang='lat' dir='ltr'>Willelmo</span> <span class='ocrx_word' id='word_1_138' title='bbox 2054 1889 2222 1943; x_wconf 91' lang='lat' dir='ltr'>Ackin,</span> <span class='ocrx_word' id='word_1_139' title='bbox 2241 1890 2275 1935; x_wconf 86' lang='lat' dir='ltr'><strong>J</strong></span> <span class='ocrx_word' id='word_1_140' title='bbox 2279 1890 2458 1936; x_wconf 90' lang='lat' dir='ltr'>ohanne</span> 
     </span>
     <span class='ocr_line' id='line_1_15' title="bbox 541 1975 2456 2040; baseline 0.001 -16"><span class='ocrx_word' id='word_1_141' title='bbox 541 1978 746 2040; x_wconf 88' lang='lat' dir='ltr'>Sprwnt‚</span> <span class='ocrx_word' id='word_1_142' title='bbox 786 1978 1064 2026; x_wconf 87' lang='lat' dir='ltr'>Alexandro</span> <span class='ocrx_word' id='word_1_143' title='bbox 1097 1978 1132 2025; x_wconf 85' lang='lat' dir='ltr'>J</span> <span class='ocrx_word' id='word_1_144' title='bbox 1135 1978 1380 2032; x_wconf 86' lang='lat' dir='ltr'>offrasoun,</span> <span class='ocrx_word' id='word_1_145' title='bbox 1418 1978 1610 2024; x_wconf 81' lang='lat' dir='ltr'>Andrea</span> <span class='ocrx_word' id='word_1_146' title='bbox 1646 1975 1805 2038; x_wconf 85' lang='lat' dir='ltr'>Wylie</span> <span class='ocrx_word' id='word_1_147' title='bbox 1828 1980 1877 2023; x_wconf 90' lang='lat' dir='ltr'>et</span> <span class='ocrx_word' id='word_1_148' title='bbox 1901 1977 1934 2022; x_wconf 87' lang='lat' dir='ltr'><strong>J</strong></span> <span class='ocrx_word' id='word_1_149' title='bbox 1939 1977 2118 2024; x_wconf 86' lang='lat' dir='ltr'>ohanne</span> <span class='ocrx_word' id='word_1_150' title='bbox 2158 1977 2316 2040; x_wconf 86' lang='lat' dir='ltr'>Wylie</span> <span class='ocrx_word' id='word_1_151' title='bbox 2352 1993 2456 2025; x_wconf 90' lang='lat' dir='ltr'>cum</span> 
     </span>
     <span class='ocr_line' id='line_1_16' title="bbox 545 2066 1022 2116; baseline 0.008 -3"><span class='ocrx_word' id='word_1_152' title='bbox 545 2066 745 2115; x_wconf 89' lang='lat' dir='ltr'>diuersis</span> <span class='ocrx_word' id='word_1_153' title='bbox 769 2067 876 2116; x_wconf 87' lang='lat' dir='ltr'>aliis</span> <span class='ocrx_word' id='word_1_154' title='bbox 914 2096 922 2104; x_wconf 92' lang='lat'><strong>·</strong></span> <span class='ocrx_word' id='word_1_155' title='bbox 963 2096 971 2104; x_wconf 94' lang='lat'><strong>·</strong></span> <span class='ocrx_word' id='word_1_156' title='bbox 1012 2095 1022 2104; x_wconf 90' lang='lat'><strong>·</strong></span> 
     </span>
    </p>

    <p class='ocr_par' dir='ltr' id='par_1_3' title="bbox 545 2151 2459 2308">
     <span class='ocr_line' id='line_1_17' title="bbox 612 2151 2459 2218; baseline -0.002 -15"><span class='ocrx_word' id='word_1_157' title='bbox 612 2156 836 2218; x_wconf 85' lang='lat' dir='ltr'>Sequitur</span> <span class='ocrx_word' id='word_1_158' title='bbox 859 2155 1141 2218; x_wconf 89' lang='lat' dir='ltr'>subscriptio</span> <span class='ocrx_word' id='word_1_159' title='bbox 1166 2153 1339 2201; x_wconf 90' lang='lat' dir='ltr'>notarii</span> <span class='ocrx_word' id='word_1_160' title='bbox 1364 2187 1373 2199; x_wconf 87' lang='lat'><strong>.</strong></span> <span class='ocrx_word' id='word_1_161' title='bbox 1402 2154 1466 2200; x_wconf 92' lang='lat' dir='ltr'>Et</span> <span class='ocrx_word' id='word_1_162' title='bbox 1491 2169 1576 2216; x_wconf 85' lang='lat' dir='ltr'>ego</span> <span class='ocrx_word' id='word_1_163' title='bbox 1600 2153 1817 2201; x_wconf 85' lang='lat' dir='ltr'>Andreas</span> <span class='ocrx_word' id='word_1_164' title='bbox 1842 2151 1964 2200; x_wconf 85' lang='lat' dir='ltr'>Blak</span> <span class='ocrx_word' id='word_1_165' title='bbox 1986 2152 2217 2215; x_wconf 85' lang='lat' dir='ltr'>presbiter</span> <span class='ocrx_word' id='word_1_166' title='bbox 2237 2153 2459 2201; x_wconf 90' lang='lat' dir='ltr'>Brechin-</span> 
     </span>
     <span class='ocr_line' id='line_1_18' title="bbox 545 2240 2345 2308; baseline -0.003 -18"><span class='ocrx_word' id='word_1_167' title='bbox 545 2245 668 2292; x_wconf 88' lang='lat' dir='ltr'>ensis</span> <span class='ocrx_word' id='word_1_168' title='bbox 693 2245 908 2293; x_wconf 87' lang='lat' dir='ltr'>dioecesis</span> <span class='ocrx_word' id='word_1_169' title='bbox 930 2243 1148 2308; x_wconf 90' lang='lat' dir='ltr'>publicus</span> <span class='ocrx_word' id='word_1_170' title='bbox 1173 2241 1413 2304; x_wconf 86' lang='lat' dir='ltr'>Imperiali</span> <span class='ocrx_word' id='word_1_171' title='bbox 1435 2241 1719 2289; x_wconf 85' lang='lat' dir='ltr'>auctoritate</span> <span class='ocrx_word' id='word_1_172' title='bbox 1742 2240 1954 2287; x_wconf 84' lang='lat' dir='ltr'>notarius</span> <span class='ocrx_word' id='word_1_173' title='bbox 1977 2240 2086 2301; x_wconf 89' lang='lat' dir='ltr'>quia</span> <span class='ocrx_word' id='word_1_174' title='bbox 2121 2276 2131 2286; x_wconf 90' lang='lat'><strong>.</strong></span> <span class='ocrx_word' id='word_1_175' title='bbox 2169 2241 2298 2303; x_wconf 88' lang='lat' dir='ltr'>(etc.)</span> <span class='ocrx_word' id='word_1_176' title='bbox 2335 2276 2345 2285; x_wconf 88' lang='lat'><strong>.</strong></span> 
     </span>
    </p>
   </div>
   <div class='ocr_carea' id='block_1_3' title="bbox 543 2439 2459 2773">
    <p class='ocr_par' dir='ltr' id='par_1_4' title="bbox 543 2439 2459 2773">
     <span class='ocr_line' id='line_1_19' title="bbox 544 2439 2459 2504; baseline -0.003 -13"><span class='ocrx_word' id='word_1_177' title='bbox 544 2445 804 2493; x_wconf 86' lang='lat' dir='ltr'>Decretum</span> <span class='ocrx_word' id='word_1_178' title='bbox 831 2444 1122 2491; x_wconf 90' lang='lat' dir='ltr'>dominorum</span> <span class='ocrx_word' id='word_1_179' title='bbox 1151 2441 1335 2490; x_wconf 90' lang='lat' dir='ltr'>consilii</span> <span class='ocrx_word' id='word_1_180' title='bbox 1371 2457 1510 2504; x_wconf 89' lang='lat' dir='ltr'>super</span> <span class='ocrx_word' id='word_1_181' title='bbox 1543 2439 1760 2488; x_wconf 89' lang='lat' dir='ltr'>secundis</span> <span class='ocrx_word' id='word_1_182' title='bbox 1794 2439 1987 2487; x_wconf 87' lang='lat' dir='ltr'>decimis</span> <span class='ocrx_word' id='word_1_183' title='bbox 2022 2443 2250 2486; x_wconf 86' lang='lat' dir='ltr'>terrarum</span> <span class='ocrx_word' id='word_1_184' title='bbox 2286 2439 2459 2486; x_wconf 92' lang='lat' dir='ltr'>domini</span> 
     </span>
     <span class='ocr_line' id='line_1_20' title="bbox 545 2526 2456 2590; baseline -0.004 -10"><span class='ocrx_word' id='word_1_185' title='bbox 545 2534 602 2580; x_wconf 90' lang='lat' dir='ltr'>de</span> <span class='ocrx_word' id='word_1_186' title='bbox 631 2533 857 2581; x_wconf 86' lang='lat' dir='ltr'>Rothoiss</span> <span class='ocrx_word' id='word_1_187' title='bbox 892 2533 1199 2580; x_wconf 82' lang='lat' dir='ltr'>existentium</span> <span class='ocrx_word' id='word_1_188' title='bbox 1235 2531 1282 2577; x_wconf 93' lang='lat' dir='ltr'>in</span> <span class='ocrx_word' id='word_1_189' title='bbox 1320 2530 1507 2577; x_wconf 89' lang='lat' dir='ltr'>Mernia</span> <span class='ocrx_word' id='word_1_190' title='bbox 1539 2532 1751 2590; x_wconf 88' lang='lat' dir='ltr'>tempore</span> <span class='ocrx_word' id='word_1_191' title='bbox 1777 2526 1955 2574; x_wconf 89' lang='lat' dir='ltr'>Warde</span> <span class='ocrx_word' id='word_1_192' title='bbox 1991 2526 2240 2574; x_wconf 90' lang='lat' dir='ltr'>earundem</span> <span class='ocrx_word' id='word_1_193' title='bbox 2279 2554 2289 2563; x_wconf 89' lang='lat'><strong>·</strong></span> <span class='ocrx_word' id='word_1_194' title='bbox 2326 2526 2456 2573; x_wconf 82' lang='lat' dir='ltr'>Date</span> 
     </span>
     <span class='ocr_line' id='line_1_21' title="bbox 545 2614 2456 2686; baseline -0.005 -16"><span class='ocrx_word' id='word_1_195' title='bbox 545 2622 899 2686; x_wconf 86' lang='lat' dir='ltr'>vigesimiprimi</span> <span class='ocrx_word' id='word_1_196' title='bbox 932 2622 1025 2669; x_wconf 91' lang='lat' dir='ltr'>diei</span> <span class='ocrx_word' id='word_1_197' title='bbox 1061 2619 1236 2668; x_wconf 90' lang='lat' dir='ltr'>mensis</span> <span class='ocrx_word' id='word_1_198' title='bbox 1269 2620 1302 2666; x_wconf 89' lang='lat' dir='ltr'><strong>J</strong></span> <span class='ocrx_word' id='word_1_199' title='bbox 1306 2618 1388 2666; x_wconf 84' lang='lat' dir='ltr'>ulii</span> <span class='ocrx_word' id='word_1_200' title='bbox 1423 2633 1546 2665; x_wconf 89' lang='lat' dir='ltr'>anno</span> <span class='ocrx_word' id='word_1_201' title='bbox 1581 2615 1773 2663; x_wconf 91' lang='lat' dir='ltr'>Domini</span> <span class='ocrx_word' id='word_1_202' title='bbox 1802 2615 1883 2676; x_wconf 91' lang='lat' dir='ltr'>jm.</span> <span class='ocrx_word' id='word_1_203' title='bbox 1922 2622 2083 2662; x_wconf 78' lang='lat' dir='ltr'>ccccmo</span> <span class='ocrx_word' id='word_1_204' title='bbox 2117 2614 2456 2676; x_wconf 86' lang='lat' dir='ltr'>septuagesimo</span> 
     </span>
     <span class='ocr_line' id='line_1_22' title="bbox 543 2704 1931 2773; baseline -0.006 -15"><span class='ocrx_word' id='word_1_205' title='bbox 543 2711 744 2773; x_wconf 87' lang='lat' dir='ltr'>septimo</span> <span class='ocrx_word' id='word_1_206' title='bbox 771 2711 836 2758; x_wconf 91' lang='lat' dir='ltr'>Et</span> <span class='ocrx_word' id='word_1_207' title='bbox 858 2727 981 2758; x_wconf 90' lang='lat' dir='ltr'>anno</span> <span class='ocrx_word' id='word_1_208' title='bbox 1006 2711 1134 2772; x_wconf 83' lang='lat' dir='ltr'>regni</span> <span class='ocrx_word' id='word_1_209' title='bbox 1158 2709 1191 2755; x_wconf 85' lang='lat' dir='ltr'><strong>J</strong></span> <span class='ocrx_word' id='word_1_210' title='bbox 1196 2709 1330 2756; x_wconf 89' lang='lat' dir='ltr'>acobi</span> <span class='ocrx_word' id='word_1_211' title='bbox 1355 2707 1477 2769; x_wconf 87' lang='lat' dir='ltr'>regis</span> <span class='ocrx_word' id='word_1_212' title='bbox 1501 2704 1883 2766; x_wconf 87' lang='lat' dir='ltr'>decimoseptimo</span> <span class='ocrx_word' id='word_1_213' title='bbox 1922 2730 1931 2739; x_wconf 92' lang='lat'><em>-</em></span> 
     </span>
    </p>
   </div>
   <div class='ocr_carea' id='block_1_4' title="bbox 458 2845 2461 3376">
    <p class='ocr_par' dir='ltr' id='par_1_5' title="bbox 458 2845 2461 3376">
     <span class='ocr_line' id='line_1_23' title="bbox 458 2845 2456 2929; baseline -0.01 -9"><span class='ocrx_word' id='word_1_214' title='bbox 458 2874 521 2920; x_wconf 88' lang='grc'>96</span> <span class='ocrx_word' id='word_1_215' title='bbox 554 2845 788 2920; x_wconf 81' lang='lat' dir='ltr'>Jacobus</span> <span class='ocrx_word' id='word_1_216' title='bbox 813 2868 907 2915; x_wconf 89' lang='lat' dir='ltr'>Dei</span> <span class='ocrx_word' id='word_1_217' title='bbox 930 2866 1084 2929; x_wconf 87' lang='lat' dir='ltr'>gratia</span> <span class='ocrx_word' id='word_1_218' title='bbox 1111 2865 1216 2910; x_wconf 85' lang='lat' dir='ltr'>Rex</span> <span class='ocrx_word' id='word_1_219' title='bbox 1242 2863 1512 2909; x_wconf 82' lang='lat' dir='ltr'>Scottorum</span> <span class='ocrx_word' id='word_1_220' title='bbox 1537 2858 1753 2906; x_wconf 87' lang='lat' dir='ltr'>omnibus</span> <span class='ocrx_word' id='word_1_221' title='bbox 1776 2857 1935 2920; x_wconf 87' lang='lat' dir='ltr'>probis</span> <span class='ocrx_word' id='word_1_222' title='bbox 1967 2854 2235 2903; x_wconf 90' lang='lat' dir='ltr'>hominibus</span> <span class='ocrx_word' id='word_1_223' title='bbox 2271 2854 2372 2901; x_wconf 86' lang='lat' dir='ltr'>suis</span> <span class='ocrx_word' id='word_1_224' title='bbox 2396 2855 2456 2900; x_wconf 89' lang='lat' dir='ltr'>ad</span> 
     </span>
     <span class='ocr_line' id='line_1_24' title="bbox 546 2942 2456 3026; baseline -0.012 -16"><span class='ocrx_word' id='word_1_225' title='bbox 546 2977 665 3026; x_wconf 92' lang='lat' dir='ltr'>quos</span> <span class='ocrx_word' id='word_1_226' title='bbox 688 2961 931 3023; x_wconf 89' lang='lat' dir='ltr'>presentes</span> <span class='ocrx_word' id='word_1_227' title='bbox 954 2954 1089 3001; x_wconf 86' lang='lat' dir='ltr'>litere</span> <span class='ocrx_word' id='word_1_228' title='bbox 1113 2949 1411 3015; x_wconf 89' lang='lat' dir='ltr'>peruenerint</span> <span class='ocrx_word' id='word_1_229' title='bbox 1437 2947 1649 2994; x_wconf 86' lang='lat' dir='ltr'>Salutem</span> <span class='ocrx_word' id='word_1_230' title='bbox 1687 2973 1696 2982; x_wconf 89' lang='lat'><strong>·</strong></span> <span class='ocrx_word' id='word_1_231' title='bbox 1734 2945 1907 2992; x_wconf 86' lang='lat' dir='ltr'>Sciatis</span> <span class='ocrx_word' id='word_1_232' title='bbox 1930 2943 2166 3006; x_wconf 87' lang='lat' dir='ltr'>quoddam</span> <span class='ocrx_word' id='word_1_233' title='bbox 2183 2945 2339 2989; x_wconf 87' lang='lat' dir='ltr'>actum</span> <span class='ocrx_word' id='word_1_234' title='bbox 2360 2942 2456 2989; x_wconf 87' lang='lat' dir='ltr'>sive</span> 
     </span>
     <span class='ocr_line' id='line_1_25' title="bbox 546 3029 2458 3108; baseline -0.012 -10"><span class='ocrx_word' id='word_1_235' title='bbox 546 3053 789 3097; x_wconf 88' lang='lat' dir='ltr'>decretum</span> <span class='ocrx_word' id='word_1_236' title='bbox 812 3061 898 3108; x_wconf 87' lang='lat' dir='ltr'>per</span> <span class='ocrx_word' id='word_1_237' title='bbox 921 3040 1138 3090; x_wconf 84' lang='lat' dir='ltr'>consules</span> <span class='ocrx_word' id='word_1_238' title='bbox 1161 3042 1346 3086; x_wconf 89' lang='lat' dir='ltr'>nostros</span> <span class='ocrx_word' id='word_1_239' title='bbox 1363 3035 1555 3083; x_wconf 87' lang='lat' dir='ltr'>inferius</span> <span class='ocrx_word' id='word_1_240' title='bbox 1580 3033 1839 3096; x_wconf 87' lang='lat' dir='ltr'>descriptos</span> <span class='ocrx_word' id='word_1_241' title='bbox 1862 3033 2022 3079; x_wconf 89' lang='lat' dir='ltr'>datum</span> <span class='ocrx_word' id='word_1_242' title='bbox 2046 3034 2094 3077; x_wconf 90' lang='lat' dir='ltr'>et</span> <span class='ocrx_word' id='word_1_243' title='bbox 2117 3029 2458 3093; x_wconf 83' lang='lat' dir='ltr'>promulgatum</span> 
     </span>
     <span class='ocr_line' id='line_1_26' title="bbox 545 3116 2459 3201; baseline -0.013 -14"><span class='ocrx_word' id='word_1_244' title='bbox 545 3139 708 3201; x_wconf 91' lang='lat' dir='ltr'>utique</span> <span class='ocrx_word' id='word_1_245' title='bbox 733 3131 1026 3182; x_wconf 85' lang='lat' dir='ltr'>intellexisse</span> <span class='ocrx_word' id='word_1_246' title='bbox 1052 3129 1097 3175; x_wconf 92' lang='lat' dir='ltr'>in</span> <span class='ocrx_word' id='word_1_247' title='bbox 1123 3126 1286 3188; x_wconf 85' lang='lat' dir='ltr'>wlgari</span> <span class='ocrx_word' id='word_1_248' title='bbox 1310 3125 1395 3173; x_wconf 92' lang='lat' dir='ltr'>sub</span> <span class='ocrx_word' id='word_1_249' title='bbox 1419 3125 1507 3170; x_wconf 88' lang='lat' dir='ltr'>hac</span> <span class='ocrx_word' id='word_1_250' title='bbox 1529 3123 1680 3170; x_wconf 90' lang='lat' dir='ltr'>forma</span> <span class='ocrx_word' id='word_1_251' title='bbox 1718 3149 1728 3158; x_wconf 89' lang='lat'><em>-</em></span> <span class='ocrx_word' id='word_1_252' title='bbox 1764 3122 1830 3167; x_wconf 90' lang='lat' dir='ltr'>At</span> <span class='ocrx_word' id='word_1_253' title='bbox 1856 3118 2126 3180; x_wconf 88' lang='lat' dir='ltr'>Edinburgh</span> <span class='ocrx_word' id='word_1_254' title='bbox 2160 3133 2219 3179; x_wconf 84' lang='lat' dir='ltr'>ye</span> <span class='ocrx_word' id='word_1_255' title='bbox 2253 3116 2345 3164; x_wconf 84' lang='lat' dir='ltr'>last</span> <span class='ocrx_word' id='word_1_256' title='bbox 2369 3118 2459 3178; x_wconf 86' lang='lat' dir='ltr'>day</span> 
     </span>
     <span class='ocr_line' id='line_1_27' title="bbox 547 3206 2459 3284; baseline -0.012 -11"><span class='ocrx_word' id='word_1_257' title='bbox 547 3228 600 3274; x_wconf 86' lang='lat' dir='ltr'>of</span> <span class='ocrx_word' id='word_1_258' title='bbox 627 3227 660 3272; x_wconf 83' lang='lat' dir='ltr'>J</span> <span class='ocrx_word' id='word_1_259' title='bbox 666 3223 762 3271; x_wconf 88' lang='lat' dir='ltr'>unii</span> <span class='ocrx_word' id='word_1_260' title='bbox 785 3237 844 3284; x_wconf 89' lang='lat' dir='ltr'>ye</span> <span class='ocrx_word' id='word_1_261' title='bbox 867 3235 952 3282; x_wconf 80' lang='lat' dir='ltr'>yer</span> <span class='ocrx_word' id='word_1_262' title='bbox 975 3218 1028 3265; x_wconf 86' lang='lat' dir='ltr'>of</span> <span class='ocrx_word' id='word_1_263' title='bbox 1057 3232 1143 3264; x_wconf 90' lang='lat' dir='ltr'>our</span> <span class='ocrx_word' id='word_1_264' title='bbox 1168 3214 1293 3262; x_wconf 91' lang='lat' dir='ltr'>Lord</span> <span class='ocrx_word' id='word_1_265' title='bbox 1318 3228 1406 3260; x_wconf 90' lang='lat' dir='ltr'>ane</span> <span class='ocrx_word' id='word_1_266' title='bbox 1429 3209 1662 3258; x_wconf 88' lang='lat' dir='ltr'>thousand</span> <span class='ocrx_word' id='word_1_267' title='bbox 1685 3209 1790 3256; x_wconf 83' lang='lat' dir='ltr'>four</span> <span class='ocrx_word' id='word_1_268' title='bbox 1823 3206 2055 3254; x_wconf 87' lang='lat' dir='ltr'>hundreth</span> <span class='ocrx_word' id='word_1_269' title='bbox 2091 3209 2332 3267; x_wconf 80' lang='lat' dir='ltr'>sewyntye</span> <span class='ocrx_word' id='word_1_270' title='bbox 2369 3206 2459 3251; x_wconf 88' lang='lat' dir='ltr'>and</span> 
     </span>
     <span class='ocr_line' id='line_1_28' title="bbox 548 3293 2461 3376; baseline -0.014 -12"><span class='ocrx_word' id='word_1_271' title='bbox 548 3328 737 3376; x_wconf 82' lang='lat' dir='ltr'>sewyne</span> <span class='ocrx_word' id='word_1_272' title='bbox 766 3309 892 3373; x_wconf 86' lang='lat' dir='ltr'>yeris</span> <span class='ocrx_word' id='word_1_273' title='bbox 926 3307 1008 3355; x_wconf 87' lang='lat' dir='ltr'>the</span> <span class='ocrx_word' id='word_1_274' title='bbox 1042 3304 1188 3352; x_wconf 90' lang='lat' dir='ltr'>lordis</span> <span class='ocrx_word' id='word_1_275' title='bbox 1212 3302 1265 3351; x_wconf 89' lang='lat' dir='ltr'>of</span> <span class='ocrx_word' id='word_1_276' title='bbox 1292 3298 1529 3349; x_wconf 87' lang='lat' dir='ltr'>counsaile</span> <span class='ocrx_word' id='word_1_277' title='bbox 1563 3298 1725 3346; x_wconf 85' lang='lat' dir='ltr'>wnder</span> <span class='ocrx_word' id='word_1_278' title='bbox 1758 3295 1942 3344; x_wconf 88' lang='lat' dir='ltr'>writine</span> <span class='ocrx_word' id='word_1_279' title='bbox 1979 3297 2068 3356; x_wconf 36' lang='lat' dir='ltr'>yat&#39;</span> <span class='ocrx_word' id='word_1_280' title='bbox 2099 3293 2140 3340; x_wconf 88' lang='lat' dir='ltr'>is</span> <span class='ocrx_word' id='word_1_281' title='bbox 2171 3296 2224 3340; x_wconf 95' lang='lat' dir='ltr'>to</span> <span class='ocrx_word' id='word_1_282' title='bbox 2258 3307 2341 3354; x_wconf 82' lang='lat' dir='ltr'>say</span> <span class='ocrx_word' id='word_1_283' title='bbox 2375 3308 2461 3338; x_wconf 88' lang='lat' dir='ltr'>ane</span> 
     </span>
    </p>
   </div>
  </div>
 </body>
</html>
