2950 3970
669 575 1137 636 REGISTRUM
1174 582 1714 645 EPISOOPATUS
1753 591 2343 656 BREOHINENSIS.
2384 603 2455 658 35

523 762 745 827 episcopo
768 765 1097 818 Aberdonensi
1122 772 1404 822 cancellario
1429 775 1593 825 Scocie
1619 777 1911 829 Archibaldo
1935 783 2105 832 comite
2140 786 2198 832 de
2235 785 2446 851 Douglas

524 849 801 902 Alexandro
824 855 998 904 comite
1022 858 1081 906 de
1107 859 1267 908 Marre
1294 861 1506 912 Roberto
1534 867 1794 916 senescallo
1818 869 1876 916 de
1902 870 2020 933 Fyfe
2043 877 2214 935 nepote
2237 879 2398 924 nostro
2435 906 2443 915 ·

524 939 592 988 Et
633 942 827 990 Andrea
867 944 925 991 de
967 945 1159 1009 Hawyk
1194 954 1378 998 rectore
1416 952 1473 998 de
1517 953 1727 1016 Lystone
1768 958 2023 1006 secretario
2063 963 2224 1009 nostro
2260 989 2271 999 ·
2307 964 2444 1027 Apud

524 1029 799 1093 Edinburgh
839 1033 1022 1082 decimo
1059 1039 1231 1084 octauo
1269 1038 1343 1085 die
1381 1040 1556 1089 mensis
1593 1042 1757 1105 Martij
1800 1059 1923 1092 anno
1964 1045 2157 1094 Domini
2199 1049 2444 1099 millesimo

521 1118 983 1182 quadringentesimo
1007 1123 1190 1172 decimo
1213 1129 1262 1173 et
1285 1127 1640 1189 gubernacionis
1662 1135 1821 1179 nostre
1845 1149 1967 1181 anno
1991 1134 2154 1197 quinto
2191 1164 2200 1174 ·

519 1317 666 1366 Carta
689 1321 1003 1369 secundarum
1028 1323 1314 1372 decimarum
1340 1328 1397 1374 de
1425 1328 1662 1391 Meyrniss
1698 1358 1709 1367 ·

429 1464 494 1511 25
527 1437 805 1521 Robertus
826 1474 924 1522 dux
943 1474 1150 1523 Albanie
1169 1492 1326 1525 comes
1345 1479 1401 1526 de
1422 1480 1534 1542 Fyff
1546 1485 1594 1528 et
1614 1482 1672 1529 de
1693 1482 1928 1530 Menteith
1947 1488 1996 1532 et
2013 1485 2295 1547 gubernator
2310 1486 2437 1548 regni

519 1561 680 1609 Scotie
705 1562 972 1611 vicecomiti
996 1568 1045 1612 et
1069 1564 1259 1614 balliuis
1292 1567 1390 1615 suis
1412 1568 1470 1614 de
1497 1569 1774 1631 Kyncardin
1813 1599 1822 1609 ·
1860 1572 1979 1626 Quia
2005 1589 2089 1635 per
2122 1578 2299 1621 certam
2324 1573 2441 1621 rela-

461 1631 471 1640 ⁴
516 1649 693 1698 tionem
719 1651 855 1699 nobis
877 1652 1055 1700 factam
1079 1653 1129 1699 in
1155 1655 1395 1702 scaccario
1431 1657 1556 1718 apud
1592 1656 1738 1705 Perth
1762 1674 1921 1708 sumus
1953 1664 2182 1708 veraciter
2205 1662 2440 1709 informati

517 1740 643 1802 quod
667 1739 728 1787 ab
752 1741 1096 1804 antiquissimis
1119 1743 1410 1806 temporibus
1433 1744 1634 1793 ecclesia
1658 1745 1988 1796 Brechinensis
2011 1752 2059 1796 et
2083 1749 2288 1812 episcopi
2325 1749 2443 1797 eius—

515 1829 622 1875 dem
643 1829 723 1892 qui
746 1845 831 1892 pro
854 1833 1068 1894 tempore
1091 1831 1266 1879 fuerint
1290 1834 1521 1881 secundas
1539 1833 1745 1882 decimas
1762 1835 2002 1899 percipere
2021 1841 2361 1885 consueuerant
2381 1838 2438 1884 de

514 1917 731 1966 omnibus
754 1921 803 1965 et
827 1918 1024 1981 singulis
1059 1920 1382 1983 prouentubus
1405 1921 1593 1969 domino
1616 1926 1776 1971 nostro
1812 1924 1907 1986 regi
1942 1925 2284 1988 pertinentibus
2320 1926 2439 1972 infra

515 2005 707 2054 balliam
732 2011 939 2056 vestram
963 2008 1186 2057 videlicet
1224 2009 1399 2058 wardis
1440 2009 1630 2058 releuiis
1663 2011 1922 2074 maritagiis
1943 2013 2111 2061 finibus
2135 2017 2183 2060 et
2207 2013 2438 2061 eschaetis

505 2111 573 2143 ac
596 2095 830 2144 curiarum
863 2097 1122 2159 justiciarii
1160 2098 1406 2146 camerarii
1430 2102 1479 2146 et
1503 2099 1793 2147 vicecomitis
1817 2100 2023 2148 exitibus
2046 2100 2242 2164 aliisque
2267 2101 2438 2148 emolu-

515 2184 689 2234 mentis
713 2185 908 2234 dominii
933 2186 1057 2249 regis
1082 2186 1209 2234 dicte
1233 2185 1375 2234 ballie
1399 2190 1555 2235 vestre
1577 2187 1680 2250 pari
1705 2188 1845 2235 modo
1869 2192 1918 2236 et
1941 2189 2091 2236 forma
2113 2188 2235 2236 sicut
2260 2188 2437 2251 episco—

512 2289 601 2338 pus
626 2273 984 2324 Aberdonensis
1000 2275 1266 2323 huiusmodi
1289 2276 1519 2323 secundas
1543 2275 1748 2323 decimas
1766 2275 1966 2338 percipit
1992 2276 2113 2323 infra
2139 2275 2435 2324 vicecomita-

511 2366 615 2411 tum
634 2364 693 2410 de
712 2363 942 2411 Abirdein
966 2367 1015 2411 et
1041 2363 1256 2411 de'Banf
1273 2362 1346 2411 vel
1370 2363 1497 2426 prior
1521 2364 1578 2410 de
1604 2363 1826 2411 Restinot
1844 2362 1965 2410 infra
1983 2363 2358 2411 vicecomitatum
2376 2365 2433 2411 de

514 2452 684 2500 Forfar
707 2453 924 2516 quodque
946 2453 1301 2515 predecessores
1337 2451 1606 2499 Reuerendi
1630 2451 1677 2498 in
1703 2451 1860 2500 Cristo
1891 2451 2040 2514 patris
2077 2451 2279 2499 Walteri
2314 2452 2434 2515 epis-

511 2541 618 2603 copi
651 2540 988 2589 Brechinensis
1030 2541 1110 2604 qui
1150 2556 1274 2587 nunc
1313 2544 1386 2588 est
1424 2541 1612 2588 fuerunt
1649 2539 1697 2586 in
1735 2539 1956 2587 continua
1996 2539 2287 2602 possessione
2331 2555 2435 2602 per-

510 2629 716 2693 cipiendi
739 2630 971 2679 secundas
989 2629 1197 2677 decimas
1213 2625 1480 2676 antedictas
1507 2656 1516 2665 -
1543 2627 1691 2676 Vobis
1709 2627 1903 2675 firmiter
1919 2627 2217 2690 precipiendo
2240 2628 2431 2674 manda-

509 2734 614 2767 mus
651 2722 885 2782 quatenus
921 2718 1157 2781 prefatum
1196 2717 1434 2764 dominum
1459 2715 1729 2779 episcopum
1754 2719 1851 2762 tam
1876 2715 1933 2762 de
1957 2715 2130 2763 wardis
2167 2714 2356 2763 releuiis
2379 2719 2426 2762 et

507 2807 681 2856 ceteris
703 2807 810 2856 aliis
833 2805 1163 2855 emolumentis
1188 2805 1327 2867 regiis
1350 2804 1499 2852 totius
1532 2803 1674 2851 baHie
1708 2806 1862 2851 vestre
1897 2802 2164 2865 supradicte
2199 2804 2426 2850 secundas

508 2896 717 2945 decimas
750 2896 925 2944 habere
957 2894 1147 2942 faciatis
1185 2893 1293 2940 Non
1325 2892 1621 2941 obstantibus
1655 2891 2020 2954 quibuscumque
2055 2890 2429 2938 concessionibus

506 3001 592 3049 per
627 3001 714 3034 nos
750 2985 892 3033 factis
929 2999 1013 3032 seu
1048 2981 1400 3030 remissionibus
1437 2981 1495 3028 de
1532 2979 1704 3028 wardis
1740 2978 1928 3026 releuiis
1950 2994 2033 3027 seu
2056 2978 2314 3040 maritagiis
2344 2983 2426 3025 aut

506 3073 837 3122 emolumentis
859 3071 967 3120 aliis
989 3069 1274 3134 supradictis
1297 3068 1344 3115 in
1369 3067 1536 3131 quibus
1569 3065 1944 3114 concessionibus
1966 3081 2048 3113 seu
2083 3066 2427 3113 remissionibus

505 3162 681 3211 nostris
705 3163 763 3210 de
786 3159 1006 3210 secundis
1030 3157 1227 3206 decimis
1251 3156 1380 3203 dicto
1414 3155 1635 3218 episcopo
1670 3153 1843 3202 debitis
1876 3153 2050 3200 nullam
2084 3153 2278 3201 fecimus
2300 3169 2426 3200 men—

505 3250 683 3298 tionem
722 3279 732 3288 ·
770 3249 895 3304 Quia
917 3263 1011 3295 non
1036 3249 1110 3295 est
1133 3249 1295 3293 nostre
1319 3243 1599 3291 intentionis
1637 3241 1851 3290 voluntas
1887 3240 2086 3290 ecclesie
2123 3241 2425 3289 Brechinensi
