2950 3970
1116 1066 1818 1134 REGISTRUM

600 1334 1366 1404 EPISOOPATUS
1439 1339 2288 1408 BREOHINENSIS.

479 1874 627 1923 Carta
651 1875 882 1924 Willelmi
907 1877 1028 1940 regis
1053 1879 1419 1927 confirmationis
1444 1879 1604 1926 Dauid
1631 1881 1751 1942 regis
1776 1881 1832 1928 de
1850 1882 1950 1928 foro
1976 1882 2278 1931 Brechinensi

409 2028 450 2072 1.
484 1988 812 2070 Willelmus
857 2038 943 2070 rex
991 2023 1151 2070 Scotie
1197 2023 1410 2071 omnibus
1444 2024 1602 2086 probis
1635 2024 1898 2071 hominibus
1930 2024 2076 2072 totius
2130 2025 2287 2072 Scotie
2321 2041 2394 2072 san

474 2109 621 2158 lutem
659 2110 834 2159 Sciatis
879 2127 953 2158 me
1001 2111 1287 2160 concessisse
1321 2115 1369 2159 et
1416 2116 1548 2160 carta
1582 2128 1687 2159 mea
1720 2112 2014 2160 confirmasse
2062 2113 2307 2176 Episcopis
2340 2117 2388 2161 et

476 2199 676 2247 Keldeis
710 2201 769 2246 de
805 2198 1006 2247 ecclesia
1041 2200 1099 2246 de
1137 2199 1369 2247 Brechine
1399 2199 1697 2248 donationem
1722 2199 1848 2247 illam
1873 2215 2010 2263 quam
2037 2201 2165 2247 dedit
2190 2200 2280 2249 illis
2303 2217 2386 2250 rex

475 2287 638 2336 Dauid
675 2304 793 2336 auus
826 2303 960 2336 meus
993 2304 1078 2351 per
1111 2291 1291 2335 cartam
1328 2304 1460 2336 suam
1495 2289 1553 2335 de
1587 2288 1688 2336 foro
1723 2288 2059 2351 imperpetuum
2091 2288 2307 2336 habituro
2338 2289 2385 2336 in

472 2375 584 2423 villa
629 2393 714 2439 per
763 2376 864 2424 dies
909 2376 1169 2424 dominicos
1213 2377 1332 2424 adeo
1377 2376 1523 2424 libere
1569 2377 1690 2424 sicut
1739 2376 1998 2438 Episcopus
2051 2376 2384 2424 Sanctiandree

470 2465 622 2513 forum
657 2465 801 2512 habet
837 2466 890 2512 T.
929 2464 1127 2512 Andrea
1160 2465 1380 2528 episcopo
1416 2466 1473 2512 de
1510 2464 1736 2511 Cateness
1770 2468 1929 2511 nostro
1961 2463 2238 2511 cancellario
2276 2463 2383 2524 [Ni-

471 2553 655 2601 cholaio
679 2553 961 2601 cancellario
985 2555 1108 2617 apud
1135 2554 1392 2619 Brechine]
1431 2553 1554 2616 (vide
1581 2553 1668 2599 No.
1694 2552 1790 2611 69.)

471 2763 617 2811 Carta
642 2763 911 2811 Alexandri
947 2765 1067 2826 regis
1106 2765 1354 2811 Scotorum
1378 2764 1505 2811 facta
1530 2761 1785 2810 Gillandris

435 2948 444 2958 .
479 2875 793 2956 Alexander
816 2908 915 2956 Dei
938 2910 1091 2972 gratia
1125 2925 1210 2956 rex
1236 2908 1505 2955 Scottorum
1530 2905 1742 2953 omnibus
1764 2905 1922 2967 probis
1944 2904 2206 2952 hominibus
2227 2905 2378 2952 tocius

466 2999 594 3043 terre
628 3012 711 3045 sue
747 2996 931 3046 clericis
978 3002 1026 3045 et
1072 2997 1221 3060 laycis
1266 2995 1465 3044 salutem
1493 2994 1691 3041 -Sciant
1724 2996 1966 3055 presentes
2010 2996 2058 3040 et
2105 2993 2248 3040 futuri
2294 3009 2377 3040 nos

466 3084 754 3134 concessisse
778 3090 827 3133 et
850 3086 940 3133 hac
963 3090 1097 3133 carta
1119 3089 1282 3133 nostra
1304 3083 1598 3131 confirmasse
1631 3081 1897 3143 Gylandrys
1919 3080 2034 3133 mac
2058 3080 2155 3128 Lod
2180 3081 2264 3128 has
2287 3085 2379 3128 ter-

466 3188 544 3221 ras
567 3173 857 3237 subscriptas
895 3202 905 3211 ·
941 3173 1122 3222 scilicet
1160 3201 1169 3211 ·
1208 3171 1504 3219 Neuethbarr
1529 3197 1538 3207 -
1565 3167 2095 3216 Tulachmaccarbaloch
2121 3196 2132 3206 ·
2158 3168 2379 3216 Baleher-

465 3261 680 3324 grossyne
708 3290 717 3299 ·
745 3261 1038 3326 Katecl'ie'et
1059 3260 1344 3309 Kennebred
1371 3287 1380 3296 ·
1406 3259 1651 3310 Tenendas
1675 3261 1723 3304 et
1758 3256 1995 3303 habendas
2019 3256 2168 3303 eidem
2204 3256 2378 3318 Gylan-

466 3350 576 3412 drys
611 3354 660 3399 et
695 3335 1077 3399 heredibus'suis
1116 3379 1124 3387 ·
1165 3351 1221 3396 de
1257 3348 1389 3396 nobis
1435 3351 1483 3393 et
1530 3345 1778 3392 heredibus
1817 3344 1989 3391 nostris
2027 3372 2036 3380 ·
2071 3343 2118 3390 in
2158 3344 2293 3391 feodo
2330 3349 2378 3391 et
