2950 3970
510 630 581 685 58
648 628 1112 685 REGISTRUM
1148 626 1686 684 EPISCOPATUS
1725 624 2318 684 BRECHINENSIS.

510 818 734 882 episcopo
771 817 1079 867 Brechinensi
1115 817 1242 880 quod
1275 831 1438 865 omnes
1472 818 1761 863 mercatores
1794 813 1955 864 villam
2002 815 2060 863 de
2108 813 2314 863 Brechin
2358 827 2445 875 pro

509 911 724 970 tempone
760 905 1081 955 inhabitantes
1115 905 1174 952 (16
1209 908 1370 954 cetero
1402 902 1600 951 liberum
1650 902 1894 952 introitum
1937 902 2143 951 habeant
2178 905 2228 950 et
2262 900 2443 950 exitum

512 994 636 1043 infra
658 1009 807 1058 aquas
840 994 900 1042 de
936 993 1039 1056 Tay
1073 996 1122 1041 et
1157 992 1366 1042 Suthesk
1389 991 1512 1041 infra
1539 990 1918 1041 vicecomitatum
1941 991 2001 1039 de
2026 990 2195 1039 Forfar
2217 1005 2322 1038 cum
2346 989 2444 1038 suis

516 1082 800 1131 maa-candiis
833 1086 883 1132 et
920 1082 1055 1130 bonis
1092 1081 1311 1144 quotiens
1350 1083 1399 1130 et
1440 1080 1629 1143 quando
1661 1079 1893 1129 voluerint
1930 1079 1979 1128 in
2009 1078 2200 1129 batellis
2234 1078 2434 1127 nauibus

513 1175 563 1219 et
608 1171 828 1220 farcostis
873 1169 1110 1219 Soluendo
1157 1169 1293 1218 nobis
1338 1173 1387 1218 et
1431 1167 1539 1217 aliis
1578 1183 1773 1232 quorum
1815 1167 2014 1217 interest
2060 1171 2299 1217 custumas
2343 1170 2444 1213 tam

514 1259 717 1308 maiores
766 1275 906 1322 quam
954 1258 1158 1307 minores
1199 1257 1386 1306 debitas
1431 1261 1481 1307 et
1528 1260 1780 1307 consuetas
1816 1283 1826 1294 ·
1865 1256 1972 1305 Non
2017 1256 2239 1304 obstante
2285 1254 2446 1319 aliqua

511 1348 811 1398 assedatione
835 1363 920 1411 per
941 1362 1028 1397 nos
1065 1345 1137 1394 vel
1170 1361 1256 1410 per
1289 1345 1598 1395 camerarium
1620 1348 1829 1394 nostrum
1855 1343 2162 1407 burgensibus
2188 1344 2247 1392 de
2271 1342 2444 1391 Dunde

511 1441 559 1486 et
587 1437 646 1485 de
674 1436 894 1485 Monross
915 1436 975 1483 de
998 1450 1161 1485 eorum
1187 1434 1341 1497 burgis
1363 1434 1602 1497 hucusque
1629 1434 1758 1482 facta
1793 1431 1866 1480 vel
1900 1433 2204 1496 imposterum
2228 1431 2446 1481 facienda

511 1526 857 1589 imperpetuum
893 1522 968 1572 vel
999 1523 1063 1572 ad
1097 1527 1287 1586 tempus
1324 1550 1334 1560 ·
1373 1522 1530 1577 Quare
1566 1521 1781 1570 omnibus
1814 1524 1864 1570 et
1898 1519 2092 1584 singulis
2137 1518 2444 1582 burgensibus

512 1618 561 1662 et
585 1613 811 1662 fratribus
834 1611 1070 1675 gildarum
1089 1611 1322 1661 dictorum
1345 1611 1596 1673 burgorum
1621 1611 1679 1657 de
1705 1609 1878 1659 Dunde
1903 1614 1952 1658 et
1971 1610 2029 1658 de
2050 1609 2270 1659 Monross
2293 1612 2445 1657 ceter-

514 1703 647 1766 isque
683 1717 879 1766 quorum
915 1700 1113 1749 interest
1147 1698 1222 1747 vel
1246 1699 1476 1749 interesse
1510 1698 1686 1762 poterit
1721 1698 1918 1748 fimiter
1948 1698 2212 1747 inhibemus
2244 1713 2304 1746 ne
2339 1697 2443 1761 quis

509 1791 716 1855 aliquem
740 1790 1062 1854 predictorum
1085 1792 1400 1837 mercatorum
1423 1787 1583 1836 villam
1608 1789 1665 1835 de
1695 1787 1901 1836 Brechin
1919 1803 2006 1850 pro
2024 1790 2238 1850 tempore
2264 1786 2445 1836 inhabi-

515 1880 721 1930 tantium
757 1882 924 1929 contra
957 1878 1079 1928 hanc
1112 1881 1322 1926 nostram
1357 1876 1706 1925 concessionem
1740 1891 1936 1938 grauate
1960 1874 2236 1938 perturbare
2262 1873 2336 1921 vel
2359 1873 2446 1921 ali-

515 1969 721 2033 qualiter
755 1967 982 2031 impedire
1021 1970 1263 2030 presumat
1304 1966 1389 2014 sub
1424 1981 1548 2028 pena
1583 1980 1673 2028 que
1715 1965 1886 2014 exinde
1927 1964 2103 2028 poterit
2149 1963 2394 2027 provenire
2433 1990 2442 1999 ·

512 2059 573 2106 In
614 2057 747 2106 cuius
788 2056 856 2105 rei
897 2054 1221 2104 testimonium
1261 2054 1470 2118 presenti
1511 2057 1642 2102 carte
1692 2057 1853 2103 nostre
1899 2052 2103 2116 sigillum
2149 2051 2444 2116 precepimus

513 2146 688 2211 apponi
725 2173 736 2183 ·
774 2143 1003 2193 Testibus
1041 2142 1382 2192 venerabilibus
1415 2142 1463 2190 in
1500 2142 1658 2190 Cristo
1692 2142 1906 2205 patribus
1943 2139 2187 2189 Willelmo
2222 2140 2445 2204 episcopo

516 2235 854 2286 Sanctiandree
879 2236 928 2282 et
954 2231 1173 2281 Waltero
1196 2231 1418 2294 episcopo
1442 2230 1722 2292 Glasguensi
1748 2230 1962 2279 Roberto
1986 2228 2258 2278 Senescallo
2281 2229 2443 2278 Scotie

515 2328 687 2388 nepote
711 2326 874 2372 nostro
897 2320 1137 2369 Willelmo
1160 2320 1333 2369 comite
1357 2320 1415 2367 de
1444 2318 1664 2382 Dulglass
1679 2319 1714 2366 J
1717 2319 1900 2368 ohanne
1926 2319 1984 2366 de
2010 2318 2194 2380 Carryk
2217 2318 2443 2366 canonico

518 2412 797 2476 Glasguensi
834 2409 1117 2459 cancellario
1154 2414 1316 2459 nostro
1354 2408 1574 2458 Waltero
1611 2409 1669 2455 (16
1710 2408 1882 2470 Bigare
1920 2410 2104 2458 rectore
2136 2406 2337 2455 ecclesie
2383 2407 2442 2454 de

518 2502 661 2551 Erole
685 2499 943 2550 camerario
964 2503 1129 2549 nostro
1154 2497 1444 2546 Archibaldo
1479 2497 1539 2545 de
1575 2495 1799 2559 Dulglass
1830 2496 1865 2542 J
1867 2495 2016 2545 acobo
2051 2496 2111 2543 de
2146 2494 2370 2558 Dulglass
2391 2498 2442 2543 et

519 2589 762 2639 Willelmo
805 2589 866 2638 de
913 2587 1230 2637 Dischintoun
1275 2585 1507 2635 militibus
1559 2613 1570 2622 ·
1625 2585 1765 2647 Apud
1814 2582 2093 2646 Edinburgh
2141 2587 2310 2648 quarto
2364 2584 2441 2632 die

517 2679 696 2743 Aprilis
740 2693 864 2727 anno
910 2676 1038 2738 regni
1085 2675 1234 2724 nostri
1279 2673 1637 2738 quadragesimo
1673 2701 1684 2711 ·
1723 2672 1904 2728 Quibus
1943 2672 2088 2722 cartis
2127 2671 2350 2735 perlectis
2391 2677 2440 2720 et

517 2768 674 2816 debite
698 2783 782 2830 per
804 2782 891 2814 nos
914 2764 1198 2812 examinatis
1222 2763 1379 2812 dictus
1402 2762 1687 2810 reuerendus
1709 2764 1847 2824 pater
1880 2760 2128 2824 episcopus
2156 2760 2441 2808 Brechinen-

513 2857 578 2905 sis
601 2859 969 2917 transsumptum
995 2853 1227 2902 dictarum
1251 2856 1489 2901 cartarum
1512 2850 1598 2900 sub
1621 2853 1784 2899 nostro
1801 2848 1954 2912 sigillo
1982 2848 2099 2896 dicti
2121 2848 2266 2896 etiam
2290 2849 2440 2897 nostri

511 2945 677 2994 decani
712 2959 818 2991 cum
853 2942 1125 2991 testimonio
1160 2940 1452 2988 notariorum
1487 2938 1856 3002 subscriptorum
1891 2936 1982 2986 sibi
2017 2936 2119 2984 dari
2151 2937 2288 2985 nobis
2334 2953 2439 2985 cum

511 3032 745 3083 instancia
766 3030 1007 3079 humiliter
1028 3028 1314 3093 supplicauit
1351 3056 1362 3066 ·
1400 3027 1499 3076 Nos
1523 3043 1632 3075 vero
1655 3027 1960 3077 attendentes
1994 3025 2042 3072 in
2077 3029 2314 3073 cartarum
2338 3025 2444 3074 cus-'

511 3122 644 3171 todia
688 3120 871 3168 infinita
917 3118 1120 3167 eminere
1167 3116 1377 3182 pericula
1426 3133 1487 3164 ex
1534 3131 1728 3179 quarum
1775 3113 2043 3178 perdicione
2099 3113 2441 3177 quamplurima

512 3213 716 3272 dampna
739 3207 952 3256 ecclesiis
975 3206 1218 3270 sepissime
1237 3205 1508 3268 contingere
1527 3204 1745 3253 videntur
1770 3201 1981 3251 volentes
2001 3201 2267 3250 huiusmodi
2290 3206 2443 3251 trans-

507 3301 697 3361 sumpto
733 3296 870 3344 fidem
906 3294 1146 3342 indubiam
1183 3294 1305 3343 sicut
1341 3293 1573 3342 dictarum
1611 3295 1848 3340 cartarum
1887 3289 2189 3353 originalibus
2228 3291 2440 3340 adhiberi
