2950 3970
441 632 513 684 94
610 631 1075 688 REGISTRUM
1113 632 1656 690 EPISCOPATUS
1697 634 2292 694 BRECHINENSIS.

441 822 634 880 petuum
669 822 789 868 adeo
823 820 970 869 libere
1007 849 1017 858 ·
1056 848 1066 858 ·
1105 849 1115 858 -
1151 825 1200 868 et
1235 836 1320 884 per
1343 822 1501 870 omnia
1522 822 1979 872 fimdamentalititer
2011 824 2135 873 sicut
2172 824 2377 887 pretacti

441 907 588 955 abbas
611 913 660 956 et
685 913 946 958 conuentus
970 913 1019 957 et
1054 923 1215 957 eorum
1238 923 1535 958 successores
1561 908 1942 974 [predecessores
1954 912 1998 978 ἓ]
2025 912 2377 976 prenominatos

439 1011 620 1045 annuos
665 998 879 1046 redditus
913 1001 1024 1045 ante
1061 997 1449 1060 Resignationem
1482 997 1750 1047 huiusmodi
1783 999 1956 1048 exinde
2006 1000 2184 1048 factam
2228 1000 2376 1048 habu-

441 1089 578 1132 erunt
619 1114 628 1122 ·
668 1114 677 1123 ·
719 1114 727 1123 -
764 1087 846 1134 Ita
868 1085 1089 1134 videlicet
1127 1086 1252 1149 quod
1290 1085 1330 1134 si
1366 1089 1641 1135 tenementa
1665 1087 1881 1150 predicta
1905 1087 1978 1135 vel
2001 1103 2162 1136 eorum
2185 1087 2375 1151 aliquod

437 1172 673 1236 aliquibus
695 1173 883 1223 casibus
904 1174 1115 1223 fortuitis
1138 1174 1443 1223 destruantur
1464 1175 1774 1224 deuastentur
1813 1179 1863 1223 et
1897 1175 2231 1225 demolliantur
2266 1204 2277 1214 ·
2316 1205 2326 1214 ·
2365 1205 2375 1214 ·

439 1265 486 1308 et
511 1262 571 1308 ad
595 1261 741 1309 talem
764 1263 947 1310 ruinam
972 1262 1193 1311 dcuenire
1218 1262 1494 1326 contingant
1531 1290 1542 1301 ·
1581 1290 1591 1301 ·
1630 1290 1640 1301 ·
1677 1264 1802 1327 quod
1825 1264 1888 1312 ad
1909 1262 2186 1312 soluendum
2205 1269 2254 1313 et
2273 1266 2378 1312 red-

441 1351 646 1398 dendum
669 1365 851 1399 annuos
874 1351 1088 1400 redditus
1110 1350 1185 1399 vel
1208 1366 1415 1399 annuum
1438 1351 1675 1400 redditum
1699 1352 1759 1400 de
1782 1351 1899 1416 ipsis
1921 1356 2005 1401 aut
2029 1369 2190 1402 eorum
2214 1353 2374 1417 aliquo

441 1439 626 1488 debitos
664 1468 673 1477 ·
713 1468 723 1477 ·
763 1468 773 1478 ·
808 1455 903 1487 non
941 1439 1177 1488 sufficiant
1215 1468 1224 1477 ·
1265 1467 1275 1477 ·
1314 1468 1324 1478 -
1360 1443 1410 1488 et
1449 1439 1580 1489 facta
1623 1440 1799 1489 fuerint
1845 1440 2229 1504 indistringibilia
2265 1471 2274 1480 ·
2316 1471 2325 1479 ·
2366 1471 2375 1481 ·

438 1531 552 1574 tunc
576 1527 738 1576 licebit
761 1527 843 1575 uni
866 1528 927 1575 de
948 1527 1258 1591 burgensibus
1281 1527 1398 1576 dicti
1421 1527 1556 1591 burgi
1586 1530 1878 1592 potestatem
1901 1529 1988 1578 sub
2012 1528 2166 1592 sigillo
2189 1535 2375 1579 secreto

442 1617 557 1663 dicti
592 1616 726 1679 burgi
761 1617 822 1664 ad
855 1616 946 1664 hoc
979 1616 1174 1665 habenti
1208 1631 1293 1680 per
1326 1615 1727 1679 presentationem
1749 1621 1876 1666 terre
1901 1620 1950 1665 et
1972 1616 2144 1681 lapidis
2167 1623 2376 1682 sumpto-

438 1720 539 1750 rum
566 1705 624 1751 de
649 1703 749 1752 solo
772 1719 856 1752 seu
880 1705 939 1752 de
960 1705 1107 1752 fundo
1140 1707 1519 1753 tenementorum
1543 1704 1617 1752 vel
1648 1705 1910 1754 tenementi
1945 1721 2035 1769 que
2060 1720 2144 1755 seu
2167 1708 2291 1771 quod
2316 1709 2375 1755 de

439 1792 673 1841 solutione
707 1807 967 1840 annuorum
1003 1792 1271 1841 reddituum
1309 1821 1319 1830 -
1358 1820 1368 1830 -
1407 1820 1419 1830 ·
1454 1793 1678 1841 deficiunt
1715 1821 1725 1831 ·
1764 1821 1775 1832 ·
1813 1821 1824 1831 ·
1859 1795 1920 1842 ad
1954 1794 2112 1844 curias
2145 1796 2375 1860 capitales

440 1881 555 1928 dicti
592 1880 726 1943 burgi
762 1895 1032 1944 processum
1069 1879 1330 1944 legitimum
1366 1880 1525 1929 facere
1563 1909 1574 1919 ·
1612 1882 1678 1930 Et
1702 1881 1833 1930 dicta
1852 1886 2128 1932 tenementa
2163 1913 2174 1922 ·
2213 1914 2222 1922 -
2262 1913 2272 1922 ·
2309 1886 2375 1932 vi-

437 1983 547 2029 gore
571 1983 818 2031 processus
839 1968 1106 2017 huiusmodi
1129 1984 1407 2033 recuperare
1444 1973 1494 2018 et
1531 1970 1593 2018 ad
1624 1985 1737 2018 usus
1758 1971 2047 2035 prescriptos
2068 1974 2372 2037 appropriare

490 2086 499 2094 ·
539 2085 548 2094 ·
585 2057 708 2106 sicut
742 2058 792 2105 in
826 2057 1014 2106 casibus
1047 2057 1321 2121 prescriptis
1354 2057 1556 2121 predicti
1590 2057 1797 2121 religiosi
1830 2063 1943 2108 ante
1968 2059 2144 2108 dictam
2169 2062 2374 2125 resigna-

436 2146 614 2193 tionem
650 2145 796 2194 talem
833 2159 1105 2209 processum
1142 2172 1153 2183 -
1191 2173 1203 2184 ·
1242 2173 1252 2183 ·
1286 2146 1443 2194 facere
1479 2150 1702 2209 poterant
1739 2147 1780 2195 si
1817 2147 1936 2195 dicti
1970 2148 2116 2196 annui
2158 2151 2372 2199 redditus

437 2235 484 2280 in
509 2234 724 2282 manibus
747 2249 909 2288 eorum
932 2233 1300 2297 permansissent
1337 2261 1347 2271 ·
1385 2234 1451 2282 Et
1467 2235 1530 2282 ad
1549 2235 1688 2282 fidem
1725 2262 1736 2273 ·
1775 2263 1786 2272 ·
1823 2263 1835 2273 ·
1870 2236 2225 2300 compositionis
2261 2267 2271 2276 -
2311 2267 2320 2276 ·
2360 2267 2370 2277 ·

438 2328 486 2370 et
511 2322 824 2371 conclusionis
846 2321 1000 2371 finalis
1029 2321 1298 2371 huiusmodi
1333 2326 1384 2370 et
1421 2321 1628 2370 omnium
1663 2322 1862 2371 aliorum
1886 2327 1937 2372 et
1957 2324 2243 2388 singulorum
2267 2343 2372 2391 pre-

438 2413 717 2475 scriptorum
745 2426 803 2459 ac
826 2411 1134 2459 recitatorum
1170 2410 1297 2474 parti
1332 2410 1470 2459 huius
1503 2410 1752 2459 indenture
1776 2426 1882 2459 cum
1905 2412 2102 2476 prefatis
2125 2414 2298 2463 abbate
2321 2420 2371 2464 et

438 2504 675 2548 conuentu
697 2499 961 2547 remanenti
985 2498 1199 2562 Sigillum
1223 2514 1469 2548 commune
1503 2499 1638 2563 burgi
1661 2499 1720 2546 de
1745 2496 1920 2547 Dunde
1956 2516 2158 2550 unacum
2193 2502 2370 2566 Sigillis

438 2589 670 2651 magnifici
709 2592 760 2636 et
799 2587 1009 2651 potentis
1050 2587 1226 2635 domini
1273 2587 1451 2635 domini
1496 2586 1656 2635 Dauid
1704 2587 1892 2637 comitis
1938 2588 2217 2639 Craufurdie
2254 2619 2265 2630 ·
2302 2592 2368 2640 Et

440 2676 721 2725 venerabilis
754 2676 842 2723 viri
875 2675 1088 2739 magistri
1113 2674 1311 2723 Ricardi
1345 2676 1404 2723 de
1440 2675 1564 2738 Crag
1596 2675 1830 2724 licentiati
1871 2677 1920 2724 in
1961 2678 2165 2728 decretis
2206 2680 2367 2728 vicarii

437 2767 495 2812 de
543 2764 715 2812 Dunde
756 2769 830 2813 est
870 2779 1129 2827 appensum
1167 2791 1176 2801 ·
1214 2763 1280 2811 Et
1320 2763 1447 2828 parti
1486 2763 1695 2812 eiusdem
1737 2779 1844 2812 cum
1882 2765 2023 2815 dictis
2062 2766 2369 2830 burgensibus

438 2853 706 2902 consulibus
739 2856 789 2900 et
825 2852 1163 2900 communitate
1186 2851 1449 2899 remanenti
1487 2878 1497 2889 ·
1533 2850 1749 2914 Sigillum
1771 2868 2017 2901 commune
2040 2855 2236 2918 capituli
2262 2857 2368 2905 Mo-

438 2942 632 2990 nasterii
672 2942 730 2988 de
769 2939 1004 2988 Lundoris
1040 2944 1114 2988 est
1150 2955 1408 3004 appensum
1447 2967 1457 2977 ·
1493 2939 1635 3001 Apud
1660 2939 1833 2987 Dunde
1860 2940 2046 2989 decimo
2079 2941 2156 2990 die
2190 2946 2366 2993 mensis

442 3030 614 3078 Marcii
636 3044 759 3077 anno
775 3029 969 3077 Domini
987 3027 1235 3077 millesimo
1253 3026 1714 3091 quadringentesimo
1731 3028 2088 3091 quadragesimo
2110 3033 2316 3080 secundo
2353 3061 2364 3071 ·

439 3120 618 3166 Verum
641 3132 748 3165 cum
781 3117 1150 3180 composiciones
1183 3120 1233 3165 et
1266 3118 1503 3164 tractatus
1525 3113 1792 3163 huiusmodi
1814 3115 1992 3179 absque
2015 3117 2192 3165 domini
2215 3121 2365 3168 nostri

439 3205 647 3269 episcopi
686 3204 910 3253 ordinarii
949 3209 999 3252 et
1039 3203 1236 3268 capituli
1276 3203 1348 3252 sui
1390 3202 1723 3252 Brechinensis
1762 3204 2100 3267 approbatione
2135 3221 2365 3258 consensu

437 3300 487 3344 et
510 3293 822 3342 ratificatione
845 3308 1008 3342 secure
1030 3293 1285 3356 procedere
1308 3307 1402 3340 non
1425 3290 1615 3340 valeant
1649 3305 1738 3339 nec
1772 3306 1907 3340 suum
1931 3293 2142 3343 debitum
2167 3295 2226 3343 de
2255 3296 2363 3357 jure
