2950 3970
513 662 625 717 210
679 662 1143 717 REGISTRUM
1182 661 1721 717 EPISCOPATUS
1761 661 2354 717 BRECHINENSIS.

512 941 817 988 Confirmatio
844 940 987 987 Carte
1013 938 1214 986 Comitis
1237 938 1517 986 Craufurdie
1541 953 1682 1001 super
1705 937 1970 1001 capellania
1985 939 2184 986 fundata
2207 939 2267 986 ad
2291 937 2442 985 altare

512 1034 675 1077 sancte
703 1029 968 1076 Katherine
993 1028 1116 1074 infra
1134 1026 1382 1075 ecclesiam
1403 1025 1723 1074 cathedralem
1744 1026 2111 1074 Brechinensem
2137 1027 2195 1074 de
2219 1025 2359 1075 terris
2383 1027 2440 1072 de

514 1118 811 1165 Drumcarne
836 1133 942 1164 cum
968 1115 1269 1180 pertiuentiis
1287 1115 1557 1177 jacentibus
1582 1115 1629 1161 in
1655 1114 1862 1162 dominio
1888 1114 1945 1161 de
1971 1113 2181 1162 Glenesk
2219 1142 2229 1151 -

395 1295 488 1340 105
523 1263 756 1342 Jacobus
793 1294 886 1341 Dei
924 1292 1079 1356 gratia
1116 1309 1202 1340 rex
1241 1291 1491 1339 Scotorum
1532 1319 1540 1328 ·
1581 1319 1590 1328 ·
1631 1319 1640 1327 -
1678 1289 1854 1338 Sciatis
1891 1305 1977 1338 nos
2007 1290 2242 1353 quandam
2268 1292 2447 1337 cartam

517 1382 675 1429 dilecti
714 1381 1047 1444 consanguinei
1081 1381 1232 1429 nostri
1268 1379 1430 1427 Dauid
1465 1379 1654 1427 comitis
1690 1378 1970 1426 Craufurdie
1995 1379 2172 1426 domini
2198 1378 2450 1441 Lyndesay

515 1471 690 1517 factam
729 1475 778 1518 et
819 1485 1090 1518 concessam
1128 1469 1176 1516 in
1218 1468 1368 1516 diuini
1409 1467 1566 1516 cultus
1608 1471 1911 1529 augmentum
1953 1467 2012 1514 ad
2055 1467 2450 1515 sustentationem

517 1559 654 1606 unius
700 1557 933 1621 capellani
987 1558 1204 1622 perpetui
1253 1557 1416 1604 diuina
1466 1555 1797 1603 celebrandum
1845 1555 1892 1602 in
1939 1554 2141 1603 ecclesia
2190 1553 2451 1602 cathedrali

520 1646 829 1694 Brechinensi
855 1647 912 1693 de
939 1663 1032 1694 uno
1056 1662 1212 1694 annuo
1237 1646 1426 1693 redditu
1450 1645 1615 1707 viginti
1639 1659 1902 1692 marcarum
1938 1645 1996 1691 de
2033 1644 2174 1692 terris
2198 1645 2255 1691 de
2282 1644 2455 1691 Drum-

521 1751 662 1782 carne
681 1734 952 1796 jacentibus
990 1735 1038 1781 in
1077 1733 1284 1782 dominio
1323 1735 1380 1781 de
1420 1733 1630 1793 Glenesk
1667 1733 1790 1780 infra
1827 1732 2206 1780 vicecomitatum
2241 1736 2454 1780 nostrum

521 1824 580 1870 de
619 1823 787 1871 Forfar
826 1823 885 1870 de
926 1823 1151 1870 mandato
1190 1826 1352 1870 nostro
1377 1821 1524 1869 visam
1563 1849 1572 1858 -
1613 1849 1622 1857 -
1661 1849 1671 1858 ·
1708 1836 1871 1869 sanam
1908 1848 1919 1858 ·
1959 1849 1968 1857 ·
2008 1849 2018 1858 ·
2054 1820 2345 1870 intellexisse
2368 1821 2454 1869 sub

521 1913 610 1958 hac
646 1912 798 1959 forma
837 1944 845 1949 -
883 1911 1113 1958 Omnibus
1150 1911 1271 1957 hanc
1310 1913 1490 1957 cartam
1530 1909 1696 1957 visuris
1734 1909 1808 1956 vel
1844 1909 2077 1957 audituris
2113 1909 2272 1957 Dauid
2297 1925 2456 1957 comes

524 1999 800 2065 Craufurdie
844 1999 1058 2046 dominus
1104 1999 1326 2061 Lyndsay
1366 2026 1375 2035 ·
1415 2025 1425 2035 ·
1464 2025 1473 2035 ·
1512 1997 1688 2045 Sciatis
1727 2012 1815 2045 nos
1851 1998 1910 2044 ad
1949 1997 2136 2046 laudem
2173 1997 2367 2061 gloriam
2407 2003 2456 2046 et

524 2090 749 2136 honorem
797 2087 1135 2150 omnipotentis
1183 2086 1276 2133 Dei
1322 2085 1654 2148 gloriosissime
1702 2085 1893 2148 virginis
1942 2086 2096 2134 Marie
2143 2086 2309 2134 matris
2358 2087 2458 2135 eius

525 2178 666 2225 beate
704 2176 896 2239 virginis
935 2175 1201 2223 Katherine
1239 2178 1288 2222 et
1328 2174 1534 2221 omnium
1569 2177 1838 2221 sanctorum
1876 2202 1885 2211 ·
1923 2175 1996 2221 Ac
2019 2190 2104 2238 pro
2127 2174 2303 2223 salubri
2326 2179 2458 2223 statu

528 2265 814 2314 serenissimi
856 2268 904 2312 et
946 2262 1252 2312 illustrissimi
1298 2262 1524 2326 principis
1571 2262 1747 2309 domini
1792 2263 1942 2310 nostri
1989 2262 2163 2310 Jacobi
2211 2263 2459 2311 Scotorum

529 2355 651 2417 regis
697 2354 908 2402 moderni
955 2356 1004 2400 et
1052 2352 1325 2415 Margarete
1372 2367 1542 2414 sponse
1589 2367 1672 2400 sue
1714 2351 1871 2413 regine
1914 2352 2074 2399 Scotie
2117 2356 2166 2399 et
2207 2351 2458 2400 liberorum

530 2458 719 2492 suorum
742 2442 985 2504 nostrique
1023 2445 1073 2489 et
1111 2441 1352 2490 carissime
1390 2456 1559 2504 sponse
1597 2444 1758 2488 nostre
1799 2441 2069 2502 Margarete
2107 2440 2384 2504 Carmychel
2411 2446 2459 2488 et

532 2530 795 2578 Alexandri
820 2529 1119 2593 primogeniti
1142 2529 1293 2578 nostri
1331 2532 1380 2576 et
1416 2529 1690 2593 apparentis
1713 2529 1900 2576 heredis
1924 2533 1972 2576 et
1996 2545 2081 2592 pro
2106 2529 2258 2577 salute
2283 2530 2461 2576 anima-

534 2636 637 2667 rum
677 2618 827 2683 patris
864 2622 912 2665 et
950 2617 1115 2665 matris
1151 2617 1301 2666 nostri
1340 2620 1388 2664 et
1425 2617 1686 2666 animarum
1723 2617 1930 2664 omnium
1970 2621 2319 2666 antecessorum
2356 2634 2462 2666 nos-

535 2714 713 2757 trorum
752 2712 800 2754 et
837 2721 1160 2754 successorum
1198 2709 1464 2754 nostrorum
1501 2720 1606 2752 cum
1630 2705 1690 2752 ab
1714 2705 1804 2752 hoc
1838 2704 1996 2753 seculo
2021 2705 2374 2767 migrauerimus
2412 2709 2461 2753 et

538 2813 623 2860 pro
646 2795 891 2843 animabus
927 2794 1133 2842 omnium
1157 2793 1364 2841 fidelium
1391 2793 1716 2841 defunctorum
1740 2793 1789 2840 in
1813 2792 1960 2840 diuini
1984 2792 2139 2841 cultus
2161 2798 2461 2856 augmentum

540 2885 723 2933 dedisse
763 2911 772 2920 ·
813 2910 822 2920 ·
862 2910 871 2920 ·
909 2883 997 2929 deo
1022 2886 1070 2929 et
1095 2881 1293 2929 ecclesie
1318 2886 1367 2930 et
1391 2881 1472 2929 uni
1490 2881 1736 2945 capellano
1759 2881 1819 2928 ad
1843 2881 1995 2929 altare
2014 2881 2178 2930 sancte
2199 2882 2463 2930 Katherine

540 2972 730 3034 virginis
753 2971 978 3019 situatum
1002 2971 1050 3017 in
1075 2969 1276 3018 ecclesia
1313 2969 1574 3017 cathedrali
1599 2969 1908 3018 Brechinensi
1932 2969 2094 3017 diuina
2117 2969 2377 3019 celebranti
2417 2976 2464 3018 et

542 3062 883 3123 imperpetuum
921 3057 1117 3120 singulis
1155 3058 1319 3105 diebus
1357 3058 1575 3121 quotiens
1609 3058 1670 3106 ad
1702 3057 1794 3105 hoc
1817 3057 2072 3121 dispositus
2093 3058 2236 3107 fuerit
2260 3059 2466 3107 celebra·

543 3154 650 3197 turo
692 3162 832 3194 unum
874 3161 1078 3194 annuum
1118 3146 1354 3193 redditum
1394 3146 1559 3208 viginti
1595 3161 1856 3194 marcarum
1891 3146 2067 3194 usualis
2113 3151 2300 3195 monete
2338 3147 2468 3210 regni

546 3237 706 3286 Scotie
741 3236 802 3283 ad
824 3234 896 3283 sui
920 3235 1312 3282 sustentationem
1337 3235 1395 3282 de
1418 3235 1558 3283 terris
1585 3234 1760 3282 nostris
1784 3235 1842 3280 de
1867 3233 2160 3282 Drumcarne
2185 3250 2290 3282 cum
2325 3236 2469 3298 perti-

547 3325 720 3374 nentiis
748 3322 1017 3384 jacentibus
1053 3321 1101 3368 in
1140 3322 1345 3370 dominio
1368 3326 1530 3371 nostro
1555 3323 1612 3370 de
1638 3321 1847 3371 Glenesk
1871 3325 1920 3369 et
1943 3322 2066 3370 infra
2089 3323 2468 3372 vicecomitatum
