2950 3970
564 621 672 674 186
735 620 1201 677 REGISTRUM
1238 621 1781 678 EPISCOPATUS
1821 623 2422 680 BRECHINENSIS.

570 810 631 855 ad
674 809 937 872 predictum
981 810 1230 858 seruicium
1275 810 1622 872 pertinentibus
1669 814 1721 858 ut
1768 811 1912 859 moris
1951 816 2024 860 est
2067 828 2172 860 cum
2214 813 2411 877 placebo
2457 818 2506 862 et

574 897 735 960 dirige,
771 902 820 946 et
859 899 907 945 in
949 898 1157 947 crastino
1194 898 1385 947 missam
1423 898 1712 962 solempnem
1751 900 1809 947 de
1847 900 2054 963 requiem
2080 917 2185 949 cum
2212 906 2327 950 nota
2349 906 2399 951 et
2422 902 2509 950 tri-

572 984 751 1049 gentali
798 985 1034 1050 completo
1079 991 1307 1050 sequente
1352 986 1570 1035 habendo
1616 987 1904 1035 mentionem
1956 988 2112 1036 anime
2158 1005 2261 1037 mee
2310 994 2359 1038 et
2405 990 2507 1038 aui-

577 1090 757 1122 matum
795 1074 1114 1138 predictarum
1152 1078 1202 1122 et
1238 1074 1446 1122 omnium
1485 1075 1811 1123 defunctorum
1850 1075 1898 1122 in
1934 1075 2032 1124 suis
2056 1077 2294 1126 memoriis
2327 1082 2377 1126 et
2411 1095 2508 1125 me-

576 1167 737 1211 mento
762 1179 867 1211 cum
892 1162 1087 1226 speciali
1110 1162 1314 1211 collecta
1337 1167 1386 1211 et
1411 1163 1637 1211 memoria
1661 1164 1719 1210 de
1743 1179 1818 1211 me
1842 1163 1890 1210 in
1914 1164 2114 1227 prefatis
2136 1165 2292 1213 missis
2316 1166 2514 1214 secretis

579 1251 820 1299 annuatim
869 1255 919 1299 et
960 1251 1303 1315 imperpetuum
1351 1251 1399 1298 in
1446 1255 1660 1314 tempore
1707 1250 2041 1300 celebrationis
2087 1252 2204 1300 dicti
2249 1253 2521 1316 trigentalis

579 1354 872 1403 quocumque
909 1343 1124 1403 tempore
1162 1339 1273 1387 anni
1321 1339 1573 1402 contigerit
1611 1368 1621 1377 -
1659 1340 1855 1387 Necnon
1894 1343 1942 1387 et
1980 1340 2224 1388 consimile
2261 1340 2514 1404 trigentale

576 1442 663 1490 pro
697 1427 856 1475 anima
893 1427 1164 1490 Margarete
1202 1428 1377 1476 Brown
1412 1427 1575 1476 uxoris
1610 1443 1714 1476 mee
1749 1428 1990 1477 antedicte
2013 1433 2122 1492 post
2145 1432 2344 1477 mortem
2380 1444 2513 1477 suam

576 1515 623 1562 in
649 1515 725 1562 die
750 1515 908 1563 obitus
931 1515 1004 1564 sui
1028 1515 1075 1562 in
1101 1516 1387 1564 omnimodo
1406 1520 1455 1563 et
1473 1516 1626 1564 forma
1649 1520 1702 1564 ut
1726 1516 2050 1579 supradictum
2069 1520 2142 1565 est
2168 1518 2227 1564 de
2252 1517 2383 1565 obitu
2408 1534 2515 1566 meo

577 1619 869 1667 quocumque
893 1607 1106 1667 tempore
1130 1604 1242 1652 anni
1266 1604 1517 1667 contigerit
1541 1620 1626 1668 pro
1650 1603 1804 1653 salute
1838 1605 1994 1653 anime
2029 1621 2133 1653 mee
2168 1610 2217 1653 et
2251 1605 2511 1653 animarum

576 1693 1000 1756 suprascriptarum
1038 1696 1088 1741 et
1126 1693 1333 1741 omnium
1371 1693 1576 1741 fidelium
1619 1693 1945 1742 defunctorum
1983 1722 1994 1732 ·
2032 1695 2159 1742 Item
2201 1695 2512 1758 quadraginta

575 1779 751 1828 solidos
799 1781 942 1828 annui
998 1781 1212 1830 redditus
1258 1782 1317 1829 de
1362 1782 1504 1830 terris
1549 1782 1666 1830 meis
1725 1782 1783 1829 de
1847 1782 2091 1837 Quhitfeld
2145 1782 2415 1844 jacentibus
2462 1783 2510 1830 in

577 1868 773 1916 baronia
797 1869 854 1916 de
879 1869 992 1916 Dun
1028 1868 1151 1916 infra
1189 1869 1566 1918 vicecomitatum
1604 1870 1662 1917 de
1699 1871 1868 1918 Forfar
1902 1870 2129 1919 leuandos
2151 1874 2214 1918 ⁴et
2249 1871 2511 1934 percipien-

577 1958 664 2005 dos
699 1957 943 2004 annuatim
980 1958 1042 2004 ad
1079 1957 1307 2006 terminos
1341 1963 1592 2007 consuetos
1638 1958 1859 2007 videlicet
1907 1959 2218 2009 Pentecostes
2255 1963 2305 2006 et
2344 1960 2510 2008 Sancti

579 2045 778 2093 Martini
814 2045 863 2092 in
897 2061 1033 2108 yeme
1079 2061 1165 2108 per
1210 2045 1402 2109 equales
1442 2046 1684 2110 portiones
1723 2063 1809 2110 per
1848 2046 2142 2110 capellanum
2183 2047 2299 2095 dict-i
2343 2047 2512 2096 altaris

580 2133 744 2181 Sancti
769 2133 1048 2181 Christoferi
1083 2133 1163 2196 qui
1198 2150 1283 2197 pro
1317 2138 1529 2197 tempore
1562 2134 1706 2183 fuerit
1740 2135 1801 2182 ad
1836 2135 2194 2183 sustentandam
2231 2152 2372 2184 unam
2394 2135 2512 2184 lam·

579 2223 748 2285 padem
771 2222 1016 2270 annuatim
1051 2225 1101 2270 et
1135 2222 1478 2286 imperpetuum
1514 2238 1673 2271 coram
1707 2227 2003 2272 sacramento
2027 2224 2238 2286 corporis
2260 2224 2436 2273 Christi
2461 2225 2509 2273 in

580 2311 709 2358 dicta
731 2309 932 2358 ecclesia
967 2310 1015 2357 in
1050 2314 1181 2358 certo
1203 2310 1308 2358 loco
1332 2327 1417 2374 per
1449 2327 1525 2358 me
1558 2312 1814 2360 statuendo
1847 2315 1898 2359 et
1930 2311 2170 2359 fundando
2208 2340 2218 2350 ·
2256 2313 2512 2377 Quamqui-

581 2400 687 2446 dem
733 2398 1000 2462 lampadem
1047 2399 1202 2447 dictus
1249 2398 1519 2462 capellanus
1565 2400 1740 2448 cotidie
1780 2399 2021 2463 perpetuis
2066 2401 2358 2464 temporibus
2402 2407 2511 2465 post

579 2488 834 2535 secundum
881 2487 1066 2550 pulsum
1126 2487 1188 2535 ad
1247 2488 1506 2537 matutinas
1552 2487 1835 2537 illuminabit
1881 2492 1931 2536 et
1976 2489 2110 2537 finita
2155 2505 2326 2552 magna
2369 2490 2512 2540 missa

582 2576 841 2638 extinguet,
877 2579 926 2623 et
961 2574 1181 2624 similiter
1214 2581 1323 2639 post
1363 2577 1620 2624 secundum
1658 2576 1843 2640 pulsum
1877 2578 1939 2624 ad
1973 2593 2194 2641 vesperas
2228 2577 2511 2626 illuminabit

582 2667 630 2710 et
667 2663 814 2711 finitis
850 2663 1058 2727 vesperis
1095 2664 1342 2727 extinguet
1380 2692 1390 2702 ·
1428 2665 1695 2713 Reddendo
1729 2665 1838 2713 inde
1876 2666 2119 2714 annuatim
2161 2666 2317 2715 dictus
2357 2667 2512 2731 capel-

579 2751 716 2801 lanus
739 2755 787 2800 et
811 2751 885 2800 sui
908 2768 1204 2801 successores
1227 2753 1285 2800 de
1309 2753 1523 2816 predicto
1547 2757 1819 2802 tenemento
1851 2769 1956 2801 cum
1990 2754 2290 2817 pertinentiis
2317 2755 2510 2817 jacente

583 2858 643 2888 ex
678 2845 813 2904 parte
848 2840 1068 2889 orientali
1115 2842 1375 2890 communis
1409 2841 1501 2890 vici
1535 2842 1646 2890 ville
1683 2843 2015 2891 Brechinensis
2060 2843 2276 2905 predicto
2321 2845 2510 2892 domino

583 2944 688 2976 meo
714 2929 950 2992 Episcopo
976 2929 1284 2978 Brechinensi
1319 2934 1369 2978 et
1404 2931 1502 2979 suis
1525 2931 1873 2980 successoribus
1906 2946 1992 2994 pro
2025 2935 2239 2994 tempore
2263 2932 2511 2981 existenti-

584 3017 670 3064 bus
694 3017 1004 3080 quadraginta
1028 3018 1246 3067 denarios
1269 3023 1456 3067 monete
1485 3019 1646 3067 Scotie
1681 3023 1820 3083 prout
1855 3023 2130 3068 consuetum
2164 3019 2254 3067 fuit
2288 3022 2512 3083 tempori-

584 3105 670 3153 bus
707 3105 880 3168 elapsis
912 3121 998 3169 per
1031 3106 1223 3170 equales
1245 3108 1487 3171 portiones
1510 3108 1571 3155 ad
1595 3108 1712 3156 duos
1734 3107 1846 3155 anni
1868 3107 2095 3156 terminos
2118 3108 2462 3172 suprascriptos
2498 3138 2508 3147 ·

585 3194 655 3239 Ac
693 3192 837 3240 etiam
875 3194 1114 3242 reddendo
1150 3194 1369 3243 similiter
1405 3196 1464 3242 de
1501 3196 1716 3258 predicto
1751 3200 2024 3244 tenemento
2051 3195 2243 3257 jacente
2279 3213 2340 3244 ex
2373 3203 2509 3260 parte

582 3280 863 3327 occidentali
899 3281 1014 3329 dicti
1050 3282 1141 3330 vici
1176 3298 1282 3330 cum
1317 3284 1617 3346 pertinentiis
1654 3284 1885 3346 Magistro
1909 3286 2074 3333 domus
2096 3284 2295 3346 gloriose
2320 3286 2510 3348 virginis
