2950 3970
684 643 1150 699 REGISTRUM
1188 646 1724 703 EPISCOPATUS
1765 650 2353 710 BRECHINENSIS.
2392 654 2461 712 77

555 837 680 882 teste
719 860 730 871 ·
768 834 834 881 Et
872 833 966 881 ista
1000 850 1085 896 per
1115 850 1248 882 suum
1277 835 1594 897 juramentum
1637 837 1759 885 dixit
1799 854 1886 886 nec
1922 854 2059 902 prece
2098 869 2107 878 ·
2146 867 2155 878 ·
2195 869 2204 878 ·
2242 841 2469 903 Magister

556 922 798 971 Galfridus
849 921 1156 971 cancellarius
1210 924 1538 972 Brechinensis
1577 925 1746 973 tertius
1784 927 1923 974 testis
1963 928 2383 991 quinquagenarius
2422 932 2469 974 et

554 1011 681 1059 ultra
702 1012 736 1058 J
742 1015 904 1059 uratus
941 1039 951 1048 ·
991 1040 1000 1049 ·
1039 1040 1049 1049 ·
1085 1011 1399 1075 interrogatus
1423 1013 1480 1059 de
1504 1013 1653 1076 primo
1677 1013 1876 1061 articulo
1899 1017 2103 1063 secundo
2127 1020 2175 1063 et
2198 1016 2341 1064 tertio
2365 1031 2472 1062 con-

556 1102 721 1148 cordat
745 1116 852 1148 cum
876 1100 1057 1148 duobus
1078 1100 1281 1149 testibus
1302 1101 1661 1164 precedentibus
1686 1129 1697 1140 ·
1734 1102 2056 1165 Interrogatus
2080 1105 2142 1150 de'
2172 1108 2339 1166 quarto
2363 1102 2474 1150 arti-

557 1189 665 1237 culo
689 1190 943 1253 respondet
967 1189 1090 1252 quod
1115 1189 1296 1236 audiuit
1320 1190 1443 1252 quod
1468 1189 1535 1237 sic
1560 1190 1618 1237 de
1653 1190 1816 1253 quinto
1840 1195 1889 1238 et
1913 1196 2049 1239 sexto
2073 1192 2320 1254 respondet
2345 1191 2467 1254 quod

558 1278 742 1326 audiuit
767 1279 890 1341 quod
914 1277 983 1325 sic
1021 1305 1030 1315 ·
1069 1278 1394 1339 Interrogatus
1418 1279 1475 1325 de
1499 1278 1699 1340 septimo
1734 1278 1933 1326 articulo
1957 1284 2125 1326 octauo
2149 1295 2270 1326 nono
2295 1278 2474 1326 decimo

561 1366 809 1414 undecimo
833 1370 882 1413 et
908 1365 1183 1413 duodecimo
1206 1366 1459 1413 concordat
1501 1381 1606 1413 cum
1647 1367 1826 1414 duobus
1849 1367 2050 1414 testibus
2084 1367 2440 1430 precedentibus
2467 1394 2476 1402 ·

563 1456 629 1503 Et
654 1455 748 1503 ista
770 1471 855 1518 per
878 1470 1013 1502 suum
1031 1453 1347 1515 juramentum
1373 1453 1494 1500 dixit
1519 1488 1530 1499 .
1567 1489 1578 1500 .
1615 1490 1625 1500 .
1662 1453 1892 1501 Dominus
1908 1455 2059 1501 Adam
2078 1455 2232 1516 Roget
2254 1454 2483 1516 presbiter

562 1548 758 1608 quartus
779 1543 919 1591 testis
942 1542 1282 1604 nonagenarius
1304 1546 1352 1589 et
1376 1542 1500 1589 ultra
1516 1542 1702 1603 juratus
1727 1568 1738 1578 -
1776 1569 1786 1578 ·
1825 1570 1834 1579 -
1871 1542 2180 1604 interrogatus
2197 1541 2245 1588 in
2269 1541 2480 1588 omnibus

564 1633 778 1682 articulis
802 1633 1058 1680 concordat
1096 1646 1200 1678 cum
1239 1631 1418 1678 duobus
1441 1630 1602 1693 primis
1625 1629 1825 1676 testibus
1848 1634 2005 1691 preter
2027 1629 2075 1676 in
2097 1629 2260 1676 ultimo
2284 1627 2481 1675 articulo

567 1723 689 1770 dixit
713 1723 838 1785 quod
873 1719 1055 1768 audiuit
1082 1719 1207 1782 quod
1230 1719 1298 1766 sic
1336 1746 1346 1756 ·
1383 1719 1449 1765 Et
1489 1718 1582 1766 ista
1605 1733 1688 1780 per
1710 1733 1840 1765 suum
1873 1718 2188 1778 juramentum
2213 1716 2336 1764 dixit
2376 1744 2385 1753 ·
2424 1743 2433 1752 ·
2472 1743 2481 1752 ·

567 1811 831 1860 Duncanus
857 1810 968 1857 Mar
999 1809 1191 1872 quintus
1224 1807 1363 1855 testis
1387 1805 1808 1870 quinquagenarius
1831 1811 1880 1853 et
1902 1805 2026 1852 ultra
2053 1806 2237 1867 juratus
2277 1832 2287 1842 ·
2325 1832 2335 1841 ·
2374 1832 2383 1840 ·
2419 1803 2486 1849 in-

568 1903 837 1963 terrogatus
875 1900 933 1945 de
971 1897 1123 1961 primo
1164 1895 1364 1944 articulo
1400 1895 1521 1942 dixit
1546 1895 1668 1958 quod
1694 1894 1750 1940 de
1776 1894 1924 1956 primo
1947 1892 2143 1940 articulo
2167 1892 2370 1940 secundo
2392 1896 2486 1938 ter-

569 1991 640 2039 tio
665 1993 833 2053 quarto
857 1987 1022 2051 quinto
1046 1989 1184 2034 sexto
1208 1989 1257 2032 et
1299 1984 1499 2047 septimo
1540 1982 1683 2029 nichil
1724 1983 1813 2030 scit
1857 2009 1866 2019 ·
1902 1981 2211 2042 interrogatus
2235 1980 2292 2025 de
2318 1982 2486 2025 octauo

572 2077 773 2127 articulo
798 2077 920 2123 dixit
963 2075 1088 2138 quod
1123 2073 1296 2120 mansit
1332 2072 1411 2118 diu
1447 2087 1552 2118 cum
1577 2071 1704 2117 dicto
1729 2070 1916 2117 domino
1943 2067 2182 2114 Willelmo
2207 2065 2409 2128 Wrycht
2435 2069 2484 2111 et

573 2185 719 2232 usque
739 2167 799 2214 ad
818 2169 1018 2213 mortem
1042 2163 1249 2210 eiusdem
1274 2160 1447 2208 domini
1475 2157 1702 2205 Willelmi
1725 2162 1774 2204 et
1796 2156 1975 2204 audiuit
1995 2156 2143 2218 ipsum
2162 2154 2316 2216 sepius
2335 2153 2488 2199 dicen-

576 2262 673 2304 tem
691 2256 815 2319 quod
835 2254 935 2317 ipse
953 2252 1107 2299 dictus
1136 2249 1349 2297 dominus
1367 2246 1634 2294 Willelmus
1650 2245 1851 2307 Wrycht
1865 2244 2114 2291 tenebatur
2130 2242 2177 2288 in
2191 2257 2356 2303 magna
2369 2255 2491 2288 sum-

576 2362 655 2393 ma
677 2343 875 2408 pecunie
900 2340 1088 2388 domino
1113 2338 1331 2401 episcopo
1351 2333 1657 2382 Brechinensi
1681 2337 1729 2380 et
1753 2331 1958 2394 capitulo
1982 2331 2186 2378 eiusdem
2214 2357 2223 2366 ·
2250 2328 2322 2375 Ob
2349 2343 2487 2390 quam

579 2450 768 2483 causam
794 2430 984 2494 reliquit
1009 2428 1196 2476 domino
1223 2424 1438 2472 Waltero
1463 2423 1686 2469 Forestar
1725 2420 1942 2483 episcopo
1969 2416 2270 2464 Brechinensi
2294 2420 2341 2463 et
2366 2415 2490 2478 capi-

580 2524 683 2573 tulo
729 2522 938 2570 eiusdem
985 2521 1174 2565 centum
1213 2514 1357 2560 libras
1402 2510 1503 2558 auri
1545 2524 1682 2572 quam
1729 2522 1954 2556 summam
2000 2505 2213 2552 dominus
2260 2503 2491 2550 Ricardus

586 2612 791 2675 Wrycht
814 2608 1047 2672 presbiter
1068 2606 1216 2652 frater
1239 2601 1354 2648 dicti
1378 2598 1551 2647 domini
1592 2594 1819 2642 Willelmi
1847 2593 2046 2655 Wrycht
2070 2591 2280 2654 predicto
2304 2589 2491 2636 domino

586 2700 805 2748 Waltero
829 2697 1049 2760 episcopo
1075 2689 1380 2740 Brechinensi
1404 2691 1452 2734 et
1471 2684 1676 2748 capitulo
1700 2682 1905 2730 eiusdem
1941 2683 2156 2743 presente
2180 2678 2281 2740 ipso
2305 2677 2486 2739 prefato

587 2791 820 2837 Duncano
863 2785 972 2831 Mar
1005 2780 1212 2845 plenarie
1237 2782 1285 2825 et
1310 2777 1486 2838 integre
1510 2771 1804 2836 persoluebat
1841 2796 1852 2806 ·
1888 2769 2208 2829 Interrogatus
2241 2765 2280 2813 si
2314 2765 2494 2811 audiuit

589 2879 794 2942 aliquam
819 2872 1113 2938 questionem
1153 2869 1328 2915 factam
1352 2863 1564 2927 predicto
1590 2859 1775 2907 domino
1803 2855 2041 2903 Willelmo
2070 2853 2271 2916 Wrycht
2291 2854 2347 2899 de
2373 2852 2499 2899 dicta

589 2966 813 3032 pensione
837 2959 1079 3024 respondit
1103 2956 1226 3020 quod
1250 2954 1318 3002 sic
1355 2980 1365 2990 ·
1408 2950 1530 3005 Quia
1553 2947 1736 3011 quando
1760 2945 1969 3008 prefatus
1994 2942 2206 2988 dominus
2232 2939 2496 2986 Willelmus

595 3054 801 3118 Wrycht
831 3050 1024 3114 jacebat
1062 3046 1111 3093 in
1146 3044 1273 3091 lecto
1297 3037 1570 3103 egritudinis
1607 3036 1654 3082 in
1690 3033 1800 3080 villa
1838 3033 1894 3078 de
1933 3031 2103 3077 Dunde
2126 3029 2242 3075 vidit
2266 3027 2497 3074 dominum

595 3143 866 3193 Walterum
905 3138 1129 3185 Forestar
1167 3131 1435 3195 episcopum
1475 3123 1833 3172 Brechinensem
1858 3119 2109 3166 intrantem
2147 3116 2207 3162 ad
2244 3114 2499 3177 predictum

597 3230 892 3280 Willelmum
927 3230 977 3274 et
1010 3225 1251 3287 petentem
1286 3215 1553 3281 pensionem
1585 3225 1784 3257 annuam
1810 3207 2028 3270 episcopo
2063 3209 2111 3251 et
2148 3202 2353 3266 capitulo
2390 3202 2503 3247 Bre-

598 3318 809 3371 chinensi
850 3314 1058 3363 debitam
1083 3311 1140 3357 de
1165 3305 1363 3356 ecclesia
1386 3318 1470 3351 sua
1493 3302 1550 3347 de
1577 3298 1781 3345 Lethnot
1818 3322 1828 3332 ·
1867 3293 1958 3348 Qui
1982 3308 2093 3339 uero
2117 3291 2270 3337 dictus
2294 3288 2503 3336 dominus

600 3407 872 3457 Willelmus
897 3399 1100 3463 Wrycht
1124 3391 1434 3458 respondebat
1458 3388 1578 3452 quod
1614 3389 1863 3447 antequam
1898 3380 2069 3428 moriar
2090 3394 2173 3441 per
2194 3376 2286 3424 Dei
2308 3375 2503 3438 gratiam
