2950 3970
547 586 1015 645 REGISTRUM
1052 592 1588 652 EPISOOPATUS
1627 598 2211 660 BRECHINENSIS.
2277 605 2382 663 187

474 775 628 823 Marie
653 775 775 825 infra
798 777 973 826 dictam
1001 779 1242 829 ciuitatem
1272 783 1447 833 situate
1470 801 1555 834 sex
1579 786 1752 836 solidos
1786 793 1835 837 ct
1869 794 1978 838 octo
2012 791 2226 840 denarios
2260 791 2383 840 dicte

471 867 660 911 monete
695 881 781 928 per
815 867 1006 930 equales
1028 870 1268 932 portiones
1303 873 1364 919 ad
1396 873 1621 922 terminos
1643 875 1850 938 prefatos
1886 904 1896 914 ·
1935 878 2126 926 Necnon
2162 884 2210 927 et
2246 895 2383 926 unam

471 967 678 1000 marcam
715 955 959 1031 annuatim
996 958 1057 1004 ad
1093 960 1483 1008 sustentationem
1521 966 1569 1010 et
1604 965 1945 1027 reparationem
1981 967 2208 1015 dictorum
2254 970 2384 1015 tene-

471 1045 737 1090 mentorum
761 1043 890 1091 dicto
913 1045 1156 1108 capellano
1189 1048 1529 1112 assignatorum
1567 1079 1577 1090 ·
1612 1052 1716 1107 Quo
1750 1069 1907 1101 marca
1939 1055 2178 1103 annuatim
2213 1055 2388 1103 leuabi-

471 1133 552 1176 tur
584 1145 670 1193 per
703 1131 1048 1180 thezaurarium
1083 1134 1163 1197 qui
1196 1151 1281 1198 pro
1313 1140 1525 1200 tempore
1558 1138 1699 1188 fuerit
1733 1144 1783 1188 et
1815 1141 1943 1190 nullo
1966 1144 2104 1191 modo
2126 1148 2385 1207 exponetur

472 1222 773 1282 preterquam
797 1220 858 1267 ad
882 1222 1226 1284 reparationem
1251 1224 1481 1272 dictorum
1499 1229 1871 1275 tenementorum
1908 1257 1918 1266 -
1956 1230 2214 1279 Reddendo
2237 1232 2378 1279 etiam

474 1307 589 1355 dicti
615 1308 865 1372 capellani
885 1310 1017 1357 chori
1057 1311 1387 1361 Brechineusis
1425 1317 1472 1360 et
1510 1314 1581 1361 sui
1615 1330 1906 1371 successores
1930 1319 1987 1365 de
2010 1319 2220 1382 predicto
2254 1324 2384 1367 tene-

473 1400 634 1444 mento
672 1396 762 1445 sibi
800 1412 1024 1446 concesso
1063 1403 1112 1446 et
1149 1400 1386 1462 assignato
1421 1403 1604 1465 prefato
1640 1404 1862 1466 magistro
1899 1406 2062 1455 domus
2098 1408 2170 1455 dei
2207 1413 2255 1456 et
2290 1410 2384 1457 suis

473 1485 824 1534 successoribus
846 1490 1049 1549 quatuor
1086 1486 1261 1536 solidos
1297 1489 1551 1538 consimilis
1584 1496 1770 1540 monete
1807 1508 1890 1555 per
1924 1494 2113 1557 equales
2148 1497 2386 1559 portiones

472 1574 535 1621 ad
558 1573 787 1623 terminos
810 1575 1163 1637 prenominatos
1196 1592 1253 1625 ac
1288 1578 1430 1625 etiam
1455 1578 1697 1642 capellano
1721 1580 1835 1628 dicti
1858 1581 2021 1630 altaris
2044 1583 2206 1631 Sancti
2230 1585 2384 1633 Chris-

471 1662 615 1710 toferi
652 1667 700 1711 et
737 1663 835 1712 suis
870 1664 1218 1714 successoribus
1254 1667 1493 1714 annuatim
1530 1682 1614 1715 sex
1649 1667 1822 1717 solidos
1855 1673 1904 1717 et
1939 1675 2046 1718 octo
2081 1672 2295 1720 denarios
2327 1674 2385 1719 ad

472 1752 868 1801 sustentationem
904 1757 954 1801 et
989 1754 1331 1817 reparationem
1368 1755 1482 1803 dicti
1516 1756 1771 1804 tenementi
1809 1760 2108 1821 exponendos
2141 1775 2242 1806 cum
2280 1777 2387 1808 eon-

472 1839 581 1889 >silio
605 1841 924 1903 procuratoris
959 1843 1219 1891 communis
1244 1842 1603 1906 Capellanorum
1625 1849 1809 1893 tantum
1844 1863 1929 1909 pro
1963 1848 2086 1895 omni
2121 1848 2213 1896 alio
2247 1866 2385 1897 onere

472 1929 677 1977 seruicio
712 1929 913 1979 seculari
951 1959 960 1968 ·
1001 1959 1010 1968 ·
1050 1958 1059 1968 ·
1095 1932 1438 1979 seudemanda
1475 1960 1483 1969 ·
1523 1960 1533 1970 ·
1573 1961 1582 1970 -
1620 1933 1840 1982 Tenenda
1874 1939 1922 1983 et
1956 1937 2169 1984 habenda
2202 1941 2304 1985 tota
2339 1942 2386 1985 et

476 2018 662 2081 integra
683 2019 814 2068 dicta
847 2023 1121 2068 tenementa
1155 2035 1260 2067 cum
1296 2020 1592 2083 pertinentiis
1614 2037 1718 2069 cum
1742 2022 1858 2071 totis
1880 2027 1928 2071 et
1951 2023 2142 2087 integris
2165 2024 2387 2087 predictis

474 2107 644 2156 annuis
667 2108 932 2156 redditibus
967 2108 1074 2156 Deo
1108 2108 1418 2171 omnipotenti
1452 2109 1590 2157 beate
1619 2110 1771 2158 Marie
1795 2115 1844 2158 et
1867 2112 2042 2160 sanctis
2065 2114 2390 2176 suprascriptis

475 2200 527 2244 et
551 2196 795 2260 capellano
818 2197 1021 2260 predicti
1043 2196 1210 2245 altaris
1226 2198 1378 2245 sancti
1398 2197 1673 2245 Christoferi
1696 2213 1753 2245 ac
1777 2198 2027 2261 capellanis
2044 2200 2172 2247 chori
2190 2201 2386 2264 predicti

476 2289 528 2333 et
563 2285 661 2333 suis
695 2285 1044 2333 successoribus
1073 2286 1413 2349 imperpetuum
1451 2290 1498 2334 et
1533 2287 1592 2334 ad
1627 2288 2014 2335 sustentationem
2052 2289 2175 2336 dicte
2214 2288 2389 2351 lampa-

477 2373 552 2421 dis
593 2377 645 2421 ut
685 2373 947 2436 predictum
996 2377 1069 2422 est
1114 2374 1231 2422 meis
1280 2373 1501 2436 legitimis
1547 2378 1594 2422 et
1640 2375 1914 2423 indubitatis
1959 2375 2204 2438 assignatis
2243 2393 2272 2424 a
2316 2393 2389 2424 me

477 2466 529 2509 et
553 2462 804 2511 heredibus
822 2463 940 2510 meis
963 2463 1328 2526 quibuscumque
1352 2463 1399 2510 in
1423 2479 1586 2526 puram
1610 2467 1658 2511 et
1681 2467 1951 2526 perpetuam
1977 2462 2260 2511 elimosinam
2286 2480 2388 2511 cum

478 2551 696 2598 omnibus
730 2554 779 2598 et
814 2551 1008 2613 singulis
1037 2550 1336 2599 libertatibus
1374 2579 1382 2588 ·
1422 2579 1432 2590 ·
1472 2579 1480 2588 ·
1516 2552 1634 2598 adeo
1668 2549 1812 2598 libere
1851 2578 1859 2587 ·
1899 2578 1908 2587 -
1947 2578 1956 2587 ·
1991 2551 2111 2599 sicut
2135 2551 2290 2615 aliqua
2314 2552 2395 2598 eli-

481 2639 663 2686 mosina
697 2638 819 2685 infra
847 2655 1037 2701 regnum
1075 2639 1234 2687 Scotie
1270 2640 1409 2686 datur
1446 2667 1454 2675 ·
1495 2666 1503 2675 ·
1543 2667 1551 2675 ·
1590 2639 1712 2686 Item
1760 2638 1864 2686 volo
1898 2643 1947 2686 et
1981 2638 2143 2686 ordino
2183 2641 2304 2701 quod
2347 2641 2393 2686 in

478 2727 722 2775 ferialibus
768 2728 933 2776 diebus
978 2731 1086 2790 post
1131 2727 1389 2775 matutinas
1427 2731 1636 2789 tempore
1670 2726 1816 2789 prime
1852 2726 2004 2773 dictus
2044 2726 2309 2789 capellanus
2345 2731 2392 2774 et

480 2816 554 2864 sui
605 2831 901 2864 successores
947 2815 1185 2863 celebrent
1232 2815 1420 2863 missam
1444 2852 1446 2855 .
1467 2830 1597 2862 suam
1645 2817 1695 2861 et
1742 2814 1802 2860 ad
1852 2814 2044 2862 eandem
2097 2814 2300 2877 pulsabit
2346 2819 2394 2862 et

482 2905 736 2968 pulsabunt
775 2933 784 2941 ·
822 2909 871 2952 et
906 2905 1030 2968 quod
1055 2904 1242 2951 veniant
1278 2903 1326 2948 in
1354 2901 1678 2964 superpellicio
1711 2902 1772 2948 ad
1807 2916 1966 2949 omnes
1987 2901 2125 2949 horas
2149 2902 2395 2949 canonicas

483 2993 605 3040 sicut
631 2992 863 3056 capellani
898 2993 956 3040 de
992 2992 1104 3039 Dun
1139 2996 1188 3039 et
1223 2991 1303 3038 alii
1338 2990 1551 3054 perpetui
1587 2988 1813 3052 capellani
1847 2988 2025 3036 faciunt
2049 2993 2100 3036 ut
2125 2993 2394 3037 consuetum

484 3085 558 3128 est
597 3109 606 3117 ·
646 3079 862 3145 Et[iam]
889 3080 936 3127 in
959 3080 1206 3129 dominicis
1241 3079 1402 3126 diebus
1423 3081 1531 3141 post
1554 3075 1834 3124 leuationem
1871 3062 2036 3138 magne
2070 3075 2209 3123 misse
2244 3076 2395 3123 dictus

484 3167 755 3232 capellanus
801 3172 851 3216 et
895 3168 968 3216 sui
1014 3182 1306 3216 successores
1351 3181 1460 3214 suas
1498 3164 1664 3213 missas
1709 3162 1945 3211 celebrent
1978 3177 2065 3210 nec
2094 3162 2218 3210 aliud
2255 3163 2397 3210 serui-

485 3261 609 3308 cium
633 3261 807 3308 habeat
831 3261 879 3307 in
906 3260 1035 3308 dicta
1058 3259 1257 3306 ecclesia
1279 3257 1352 3305 vel
1375 3260 1513 3305 extra
1529 3256 1610 3304 sed
1630 3255 1897 3302 continuam
1922 3253 1969 3300 in
1993 3253 2120 3300 dicta
2142 3251 2399 3316 capellania

485 3349 629 3397 faciet
655 3353 704 3396 et
727 3348 903 3396 facient
928 3347 1227 3395 residentiam
1263 3349 1346 3393 aut
1381 3343 1537 3406 aliquo
1573 3342 1666 3390 alio
1702 3341 1899 3390 seruicio
1923 3339 2128 3402 alioquin
2165 3340 2243 3402 qui
2280 3339 2395 3386 alias
