2950 3970
613 641 1076 710 REGISTRUM
1113 646 1651 706 EPISCOPATUS
1691 653 2275 727 BRECHINENSIS.
2330 658 2435 719 175

513 917 894 968 procuratorium
942 924 1149 987 episcopi
1197 925 1530 976 Brechinensis
1575 930 1739 977 decani
1787 935 1837 979 et
1882 932 2076 996 capituli
2121 935 2326 982 eiusdem
2374 950 2430 982 ac

511 1006 790 1055 balliuorum
816 1013 864 1056 et
888 1013 1242 1062 communitatis
1265 1015 1475 1065 ciuitatis
1510 1018 1842 1069 Brechinensis
1864 1036 2004 1084 super
2031 1022 2428 1084 perambulatione

511 1099 768 1144 terrrarum
795 1098 992 1148 ecclesie
1019 1101 1350 1152 Brechinensis
1375 1109 1423 1152 et
1448 1106 1671 1154 Menmur
1707 1135 1717 1145 ·

423 1271 489 1317 84
522 1241 794 1321 Nouerint
819 1275 1023 1323 uniuersi
1047 1280 1096 1324 et
1120 1277 1289 1340 singuli
1322 1285 1566 1344 presentes
1599 1282 1762 1332 literas
1796 1284 2050 1346 inspecturi
2087 1312 2096 1321 ·
2134 1285 2232 1332 Nos
2253 1285 2286 1331 J
2289 1286 2430 1332 ohan-

512 1376 619 1407 nem
645 1361 931 1425 Episcopum
951 1364 1197 1412 Decanum
1221 1371 1270 1414 et
1295 1368 1564 1432 Capitulum
1586 1371 1928 1420 Brechinenses
1945 1388 2002 1420 ac
2020 1373 2218 1422 balliuos
2236 1378 2285 1421 et
2303 1389 2428 1440 com-

493 1450 792 1498 -munitatem
848 1452 1059 1502 ciuitatis
1119 1455 1452 1505 Brechinensis
1493 1458 1666 1507 fecisse
1704 1487 1713 1497 ·
1754 1488 1763 1497 ·
1803 1488 1812 1497 ·
1849 1476 2077 1509 necnon·
2115 1490 2126 1499 ·
2165 1490 2174 1499 -
2210 1462 2424 1515 ordinare

511 1539 826 1602 ‘venerabi-lem
863 1541 1012 1588 virum
1053 1543 1336 1606 Magistrum
1371 1546 1626 1594 Ricardmn
1653 1548 1868 1597 ‚Forbess
1903 1550 2176 1615 canonicum
2213 1550 2429 1597 Aberdo-

511 1632 703 1678 nensem
727 1645 908 1678 necnon
932 1631 1229 1681 honorabiles
1249 1634 1369 1682 viros
1387 1635 1421 1681 J
1426 1635 1656 1683 ohannem
1680 1637 1837 1685 Smert
1863 1637 2194 1706 Alexandrum*
2214 1638 2427 1687 Cristane

515 1717 810 1766 Willelmum
835 1719 1001 1782 Nudry
1020 1721 1291 1769 ›Johann‘am
1318 1723 1501 1771 Litster
1524 1727 1572 1771 et
1604 1724 1883 1774 Cutbertum
1909 1726 2034 1773 Reid
2053 1726 2183 1774 ciues
2208 1726 2429 1774 Brechin-
2489 1785 2494 1790 ,

513 1822 649 1854 enses
683 1811 871 1855 nostros
908 1837 917 1846 -
958 1836 968 1845 ·
1008 1837 1017 1846 ·
1053 1814 1383 1872 procuratores
1421 1839 1430 1849 ·
1469 1839 1479 1849 ·
1518 1839 1529 1849 ι
1567 1812 1632 1860 Et
1669 1813 1974 1876 precipue-in
2011 1829 2151 1861 causa
2189 1814 2427 1861 cuiusdam

512 1895 932 1958 perambulationis
955 1901 1005 1944 et
1028 1898 1237 1946 eiusdem
1264 1898 1597 1949 declarationis
1634 1900 1758 1948 inter
1793 1906 1945 1949 terras
1980 1903 2150 1965 prefati
2187 1903 2427 1949 reuerendi

509 1984 662 2046 patris
696 1985 892 2049 capituli
917 1990 966 2034 et
991 1985 1189 2035 ecclesie
1228 1988 1560 2037 Brechinensis
1595 1993 1644 2036 et
1680 1993 1832 2038 terras
1864 1989 1898 2035 J
1902 1976 2098 2038 ohannis
2134 1991 2192 2037 de
2228 1989 2428 2038 Cullaiss

512 2077 562 2120 et
586 2089 775 2121 suorum
799 2074 1300 2138 comportionariorum
1326 2076 1616 2124 dominorum
1642 2077 1699 2124 de
1725 2077 1946 2125 Men-mur
1964 2093 2050 2141 per
2073 2082 2227 2126 certos
2249 2078 2427 2125 nobiles

511 2167 664 2228 patrie
705 2195 714 2204 ·
754 2195 764 2204 ·
802 2194 812 2205 ε
848 2184 935 2230 per
966 2168 1291 2216 vicecomitem
1328 2169 1386 2216 de
1422 2169 1590 2216 Forfar
1626 2197 1635 2206 ·
1675 2197 1684 2206 ·
1723 2197 1734 2206 ·
1769 2173 1974 2225 vocatos,
2004 2171 2129 2218 facte
2165 2175 2212 2218 et
2246 2171 2429 2232 signan-

511 2259 587 2301 ter
643 2259 812 2303 contra
869 2271 950 2303 eos
1007 2256 1086 2320 qui
1144 2272 1260 2304 ausu
1311 2248 1564 2304 temerario
1622 2262 1671 2305 et
1727 2257 1955 2306 violenter
2009 2258 2055 2305 in
2113 2263 2428 2322 contemptum

512 2343 638 2405 regie
681 2343 955 2398 autoritatis
995 2348 1044 2392 et
1091 2344 1302 2391 mandati
1337 2349 1385 2392 et
1431 2344 1629 2393 ecclesie
1676 2346 2005 2394 Brechinensis
2052 2348 2301 2410 dampnum
2336 2363 2431 2394 me-

511 2435 598 2479 tas⁴
633 2447 716 2479 seu
751 2431 884 2494 signa
932 2460 942 2469 ·
993 2460 1002 2469 ·
1053 2460 1063 2470 ·
1110 2448 1195 2496 per
1228 2434 1461 2495 prefatum
1497 2434 1818 2482 vicecomitem
1865 2435 2139 2497 deputatum
2185 2439 2233 2482 et
2280 2435 2430 2483 dictos

511 2518 695 2567 nobiles
734 2519 860 2566 inter
894 2520 1133 2582 predictas
1173 2525 1326 2568 terras
1364 2521 1669 2583 positas-seu
1707 2521 1865 2585 posita
1899 2521 2196 2570 abstulerunt
2233 2551 2242 2560 ·
2282 2551 2292 2560 ·
2331 2551 2340 2561 ·
2375 2539 2431 2570 ac

514 2612 680 2656 contra
703 2623 1021 2671 quascumque
1053 2608 1172 2656 alias
1195 2624 1418 2672 personas
1441 2625 1525 2656 sua
1548 2609 1774 2657 interesse
1797 2613 2019 2672 putantes
2055 2637 2066 2646 ·
2102 2609 2285 2658 Dantes
2322 2639 2331 2647 ·
2371 2640 2380 2648 ·
2419 2639 2428 2647 ·

514 2698 690 2745 eisdem
714 2697 890 2746 nostris
925 2697 1306 2760 procuratoribus
1343 2697 1627 2745 coniunctim
1664 2701 1712 2745 et
1750 2697 1935 2745 diuisim
1970 2702 2019 2745 et
2053 2697 2245 2747 cuilibet
2270 2715 2427 2746 eorum

514 2790 724 2835 nostram
749 2786 1007 2850 plenariam
1046 2814 1055 2824 ·
1095 2814 1105 2823 ·
1144 2813 1154 2823 ·
1190 2789 1475 2849 potestatem
1499 2801 1556 2833 ac
1578 2787 1850 2833 mandatum
1886 2785 2089 2848 speciale
2125 2787 2185 2833 ad
2225 2801 2433 2849 compar-

515 2876 686 2922 endum
721 2890 879 2922 coram
914 2890 1131 2937 supremo
1166 2874 1353 2922 domino
1387 2878 1549 2921 nostro
1586 2889 1694 2935 rege
1731 2873 1832 2921 eius
1868 2872 2062 2921 consilio
2086 2888 2168 2921 seu
2193 2874 2431 2936 deputatis

515 2963 882 3025 quibuscumque
906 2961 1118 3025 pluribus
1141 2961 1214 3009 vel
1238 2977 1331 3009 uno
1354 2977 1439 3023 pro
1462 2961 1597 3009 nobis
1620 2964 1669 3009 et
1693 2960 1878 3008 nomine
1902 2965 2062 3008 nostro
2085 2961 2146 3008 ad
2177 2963 2430 3024 petendum

511 3050 752 3114 ‚prefatum
774 3050 1043 3098 «Iohannem
1068 3051 1126 3096 de
1151 3048 1355 3097 Cullaiss
1377 3063 1463 3097 seu
1488 3063 1808 3111 quoscumque
1829 3047 1949 3095 alios
1971 3049 2030 3094 ad
2055 3048 2431 3096 obseruationem

517 3138 696 3186 decreti
730 3138 1023 3201 prefatarum
1056 3136 1475 3200 perambulationis
1510 3139 1559 3182 et
1594 3133 1925 3182 declarationis
1959 3134 2304 3198 compellendos
2337 3137 2434 3184 fore

517 3255 528 3266 -
566 3255 578 3265 ·
615 3255 627 3265 ·
663 3227 730 3274 Et
752 3227 814 3275 ad
838 3227 1094 3290 petendum
1117 3227 1361 3274 emendam
1384 3225 1662 3286 condignam
1686 3224 1744 3271 de
1759 3222 2124 3277 destruentibus
2156 3239 2242 3272 seu
2275 3225 2431 3272 aufer·

516 3315 708 3364 entibus
743 3315 876 3377 signa
915 3318 1069 3363 metas
1099 3330 1188 3362 seu
1221 3313 1400 3362 limites
1431 3313 1619 3376 prefata
1652 3326 1834 3359 necnon
1869 3310 1909 3358 si
1943 3325 2136 3359 necesse
2182 3311 2326 3358 fuerit
2372 3311 2431 3357 ad
