3034 3990
375 1359 407 1395 1.

344 2892 405 2931 10.

346 3084 406 3120 11.

344 3213 402 3250 12.

343 3403 404 3440 13.

1214 895 1723 970 TABULA.

812 1186 1172 1231 REGISTRUM
1198 1190 1610 1236 EPISCOPATUS
1642 1195 2109 1241 BREOHINENSIS.

467 1358 584 1397 Carta
603 1358 787 1398 Willelmi
809 1360 928 1412 Regis
950 1361 1262 1401 Confirmationis
1285 1364 1413 1403 David
1438 1367 1554 1417 Regis
1576 1369 1778 1407 Scotorum
1797 1369 1844 1407 de
1863 1370 1946 1408 foi-o
1977 1371 2238 1411 Brec'ninensi.
2299 1371 2503 1424 [1165-71.
2525 1375 2575 1412 fo.

531 1423 674 1468 cxxiiii,
695 1421 755 1475 b.]

463 1549 576 1589 Carta
600 1550 809 1589 Alexandri
832 1552 951 1603 Regis
973 1553 1177 1592 Scotorum
1196 1554 1300 1594 facta
1322 1556 1546 1595 Gillandris.
1602 1557 1671 1610 [19
1694 1559 1815 1609 April.
1841 1561 1954 1598 1232.
1974 1562 2027 1600 fo.
2048 1559 2256 1613 lxxxxiiii.]

463 1677 654 1717 Fundatio
672 1678 720 1717 de
741 1679 1000 1729 Messyndew.
1056 1680 1179 1732 [1267
1204 1682 1263 1720 vel
1283 1689 1385 1721 ante.
1406 1684 1456 1722 fo.
1476 1685 1552 1729 lxx,
1574 1684 1632 1736 b.]

463 1806 579 1845 Carta
597 1806 644 1844 de
663 1807 784 1845 libero
804 1808 964 1846 introitu
984 1814 1023 1847 et
1042 1808 1147 1847 exitu
1168 1809 1414 1860 Messyndew
1434 1812 1481 1850 de
1504 1812 1704 1851 Brechine.
1761 1812 1806 1864 [4
1827 1814 1904 1852 Jul.
1929 1816 2040 1852 1267.
2063 1816 2114 1853 fo.
2134 1816 2278 1862 xxxiiii,
2298 1816 2353 1868 b.]

464 1934 691 1973 Mandatum
721 1935 1035 1975 Conseruationis
1059 1937 1134 1975 fori
1164 1937 1433 1977 Brechinensis
1459 1952 1482 1976 a
1511 1939 1682 1977 Roberto
1711 1939 1855 1989 Bruyss
1881 1940 2078 1978 Scotorum
2111 1941 2233 1992 Rege.
2288 1942 2330 1995 [7
2361 1943 2450 1980 Oct.
2476 1943 2585 1979 1307.

528 1998 581 2036 fo.
603 2011 715 2044 cxxv,
736 1999 797 2050 b.]

461 2126 577 2165 Carta
597 2127 760 2165 Roberti
782 2128 913 2166 Bruiss
942 2142 1058 2179 super
1087 2131 1329 2169 immunitate
1358 2135 1545 2168 terrarum
1575 2136 1614 2169 et
1642 2130 1924 2179 possessionum
1948 2131 2129 2180 Episcopi
2151 2137 2189 2169 et
2214 2131 2381 2180 Capituli
2403 2131 2583 2170 Brechin-

526 2191 629 2228 ensis
648 2192 696 2228 ab
716 2193 818 2229 omni
839 2192 998 2231 servitio
1018 2198 1058 2230 et
1076 2194 1277 2231 exactione
1297 2194 1471 2233 seculari.
1528 2193 1573 2246 [4
1594 2194 1689 2232 Dec.
1713 2195 1825 2232 1309.
1846 2194 1899 2232 fo.
1922 2194 2035 2245 xxii.]

462 2317 785 2368 Transsumptum
818 2319 1001 2358 Willelmi
1023 2325 1063 2359 et
1093 2320 1277 2358 Willelmi
1306 2321 1577 2360 Sanctiandree
1597 2326 1638 2360 et
1657 2322 1944 2360 Dunkeldensis
1963 2319 2240 2371 Episcoporum
2263 2321 2375 2359 Carte
2400 2320 2580 2358 Willelmi

530 2382 650 2433 Regis
671 2384 801 2422 Scotie
819 2383 867 2422 de
887 2384 1093 2423 donatione
1113 2384 1186 2422 fori
1207 2385 1490 2423 Brechinensis.
1546 2384 1590 2435 [3
1611 2386 1688 2424 Jul.
1712 2386 1826 2424 1318.
1847 2385 1900 2424 fo.
1921 2385 2064 2429 cxxiiii,
2087 2383 2146 2435 b.]

466 2510 583 2549 Carta
611 2511 697 2550 Ade
721 2511 905 2560 Episcopi
931 2512 1205 2550 Brechinensis
1225 2512 1272 2550 de
1293 2513 1404 2549 terris
1434 2512 1713 2561 pertinentibus
1743 2512 1961 2561 Capellanie
1980 2511 2027 2549 de
2048 2510 2174 2548 Boith.
2230 2508 2298 2559 [21
2323 2509 2380 2547 vel
2402 2511 2451 2546 28
2472 2509 2572 2558 Aug.

529 2575 643 2612 1348.
665 2576 718 2613 fo.
740 2577 829 2623 cxli,
851 2575 911 2627 b.]

467 2702 583 2740 Carta
620 2702 740 2751 Regis
779 2703 909 2741 Dauid
949 2704 1259 2742 Confirmationis
1296 2705 1464 2741 omnium
1493 2707 1677 2740 terrarum
1708 2701 1988 2751 possessionum
2016 2704 2056 2738 et
2083 2699 2302 2737 libertatum
2334 2697 2505 2736 Ecclesie
2532 2698 2579 2735 de

531 2765 734 2804 Brechine.
793 2765 863 2818 [26
887 2767 977 2807 Oct.
1000 2768 1115 2805 1359.
1134 2768 1186 2805 fo.
1208 2780 1271 2813 xv,
1292 2765 1351 2818 b.]

462 2893 694 2943 Preceptum
727 2892 858 2932 Dauid
892 2894 1094 2932 Scotorum
1131 2894 1250 2944 Regis
1283 2893 1331 2931 de
1365 2893 1651 2932 confirmatione
1685 2891 1904 2940 capellanie
1938 2890 1985 2928 de
2023 2889 2149 2927 Boith.
2208 2887 2280 2939 [20
2319 2887 2420 2925 Nov.
2462 2887 2572 2924 1359.

527 2956 580 2995 fo.
601 2956 714 3008 cxli.]

465 3083 715 3122 Confirmatio
737 3084 958 3134 Capellanie
977 3085 1024 3122 de
1048 3085 1160 3122 Boith
1182 3097 1250 3134 per
1271 3084 1400 3123 Dauid
1419 3096 1548 3132 regem
1571 3083 1782 3121 Scotorum.
1839 3080 1911 3132 [20
1932 3081 2033 3119 Nov.
2058 3080 2170 3118 1359.
2191 3079 2243 3117 so.
2265 3078 2337 3123 cxl,
2359 3074 2416 3127 b.]

461 3212 576 3250 Carta
594 3213 739 3250 domini
758 3213 918 3251 Roberti
941 3212 1095 3263 Erskyn
1115 3213 1162 3251 de
1183 3213 1295 3251 tertia
1311 3218 1418 3262 parte
1433 3211 1547 3249 annui
1567 3209 1738 3249 redditus
1757 3208 1804 3247 de
1826 3208 1966 3246 Dunde
1984 3212 2024 3246 et
2041 3207 2088 3246 de
2111 3205 2331 3245 Petcaracb.
2386 3201 2456 3254 [23
2478 3201 2573 3239 Mar.

528 3277 714 3315 1359-60.
734 3276 786 3314 fo.
807 3274 975 3328 xxxvii.]

460 3401 629 3441 Donatio
653 3403 958 3452 Capellaniarum
979 3403 1026 3441 de
1046 3402 1209 3440 Dwnne.
1267 3401 1335 3453 [18
1359 3401 1458 3439 Nov.
1480 3402 1592 3439 1360.
1615 3401 1664 3439 fo.
1686 3401 1815 3446 xxxvi,
1841 3396 1897 3449 v.]
