2950 3970
566 632 691 715 ¹132
757 632 1218 688 REGISTRUM
1257 628 1795 686 EPISCOPATUS
1835 628 2428 687 BRECHINENSIS.

584 820 872 883 exigentiam
909 825 958 868 et
994 821 1271 869 facultatem
1301 819 1546 883 dignitatis
1572 834 1655 867 sue
1690 819 1764 867 vel
1798 821 2035 884 prebende
2058 819 2287 884 requisita
2320 822 2369 865 et
2404 832 2514 863 con-

585 908 826 957 uenientia
864 937 874 947 ·
911 909 1039 957 Item
1065 910 1189 973 quod
1213 912 1417 972 quatuor
1450 907 1708 970 dignitates
1742 908 1790 956 in
1827 909 1957 957 dicta
1979 908 2180 957 ecclesia
2202 907 2286 955 viz.
2311 907 2512 954 decana-

587 1002 666 1045 tus
690 998 904 1046 cantoria
926 997 1211 1046 cancellaria
1245 1002 1294 1046 et
1328 995 1625 1044 thesauraria
1647 996 1742 1045 sint
1776 997 1926 1061 prime
1961 998 2008 1045 in
2043 997 2187 1045 choro
2221 999 2271 1044 et
2304 994 2513 1059 capitulo

585 1087 711 1135 dicte
735 1085 934 1135 ecclesie
970 1091 1068 1135 tam
1106 1086 1212 1135 loco
1249 1085 1412 1133 ordine
1438 1100 1579 1148 quam
1602 1085 1780 1133 honore
1817 1089 1867 1134 et
1903 1101 2065 1133 earum
2102 1099 2396 1149 possessores
2432 1083 2512 1147 qui

582 1192 667 1238 pro
704 1179 916 1239 tempore
952 1175 1128 1223 fuerint
1167 1202 1177 1213 ·
1215 1175 1342 1223 Item
1381 1174 1504 1237 quod
1547 1173 1703 1221 dictus
1742 1173 1990 1237 episcopus
2025 1174 2233 1221 decanus
2267 1176 2316 1220 et
2351 1188 2512 1220 omnes

585 1263 799 1312 canonici
816 1263 1098 1325 jurauerunt
1121 1263 1373 1311 obseruare
1396 1261 1723 1310 fundationem
1747 1261 2028 1310 excellentis
2050 1261 2276 1325 principis
2306 1260 2512 1309 Walteri

587 1351 848 1401 Senescalli
895 1351 1096 1400 Comitis
1143 1350 1351 1399 Palatini
1404 1350 1462 1398 de
1510 1350 1791 1398 Stratherne
1846 1349 2013 1398 Atholl
2070 1354 2119 1398 et
2178 1349 2408 1398 Cateness
2454 1351 2512 1397 de

584 1444 786 1504 quatuor
822 1439 1098 1504 presbiteris
1135 1443 1184 1487 et
1224 1454 1310 1488 sex
1347 1438 1506 1502 pueris
1539 1442 1680 1502 prout
1715 1439 1764 1486 in
1799 1455 1887 1487 sua
1921 1443 2055 1487 carta
2101 1441 2371 1487 continetur
2406 1468 2417 1481 ·
2453 1439 2512 1487 In

584 1545 779 1592 quorum
827 1528 1034 1576 omnium
1067 1527 1391 1576 testimonium
1426 1542 1513 1590 ego
1551 1526 1843 1576 Cuthbertus
1871 1527 2077 1576 decanus
2114 1528 2326 1592 predicte
2364 1528 2515 1577 eccle-

582 1618 650 1665 sie
685 1617 772 1666 has
805 1617 1046 1681 predictas
1080 1615 1446 1664 constitutiones
1484 1616 1676 1679 propria
1699 1632 1840 1664 manu
1865 1617 2032 1681 scripsi
2067 1617 2116 1664 in
2153 1616 2362 1681 capitulo
2387 1618 2513 1665 dicte

583 1705 780 1755 ecclesie
819 1734 829 1743 ·
868 1706 993 1753 Item
1029 1703 1243 1768 sequitur
1276 1703 1467 1768 propria
1490 1719 1631 1751 manu
1656 1703 1771 1752 dicti
1800 1705 2008 1768 episcopi
2043 1709 2096 1753 ut
2131 1709 2329 1769 apparet
2367 1734 2377 1744 ·
2417 1706 2515 1754 Nos

581 1796 615 1842 J
620 1796 827 1843 ohannes
862 1794 1109 1857 episcopus
1145 1791 1479 1840 Brechinensis
1513 1807 1706 1855 presens
1732 1792 1905 1841 fuimus
1939 1797 1988 1841 et
2023 1809 2300 1842 consensum
2325 1810 2515 1858 expres-

586 1900 688 1932 sum
725 1883 996 1947 prebuimus
1029 1882 1090 1929 ad
1125 1880 1446 1944 suprascripta
1479 1884 1529 1928 et
1565 1879 1879 1929 conclusimus
1915 1909 1925 1920 ·
1962 1882 2090 1930 Acta
2122 1882 2312 1930 fuerunt
2347 1883 2435 1930 hec
2458 1875 2514 1930 ⁴et

590 1976 774 2020 statuta
814 1971 863 2018 in
901 1970 1006 2019 loco
1041 1968 1291 2033 capitulari
1316 1968 1625 2018 Brechinensi
1647 1969 1805 2017 omnia
1838 1970 2159 2034 suprascripta
2191 1986 2254 2019 ex
2287 1986 2516 2020 consensu

588 2059 703 2108 dicti
729 2058 924 2122 capituli
959 2057 1110 2106 nostri
1144 2061 1269 2106 teste
1303 2072 1361 2105 ac
1395 2057 1631 2120 scriptura
1664 2073 1805 2104 manu
1840 2057 2031 2121 propria
2052 2057 2158 2106 loco
2181 2049 2231 2107 et
2254 2059 2331 2106 die
2355 2075 2517 2123 supra·

593 2238 731 2286 dorso
769 2236 992 2284 scribitur
1043 2264 1053 2273 -
1105 2235 1171 2283 Et
1222 2250 1309 2297 ego
1362 2233 1607 2283 Gilbertus
1658 2234 1819 2283 Broun
1873 2239 2123 2299 precentor
2159 2234 2360 2284 ecclesie
2401 2236 2518 2284 Bre-

570 2325 827 2375 chinensis
861 2340 1056 2388 presens
1088 2324 1157 2371 fui
1193 2328 1242 2372 et
1277 2339 1556 2373 consensum
1580 2339 1855 2387 expressum
1879 2323 2044 2388 prebui
2078 2324 2139 2371 ad
2173 2324 2446 2387 supradicta
2469 2329 2517 2372 et

589 2414 798 2464 conclusi
821 2413 978 2462 omnia
1000 2412 1274 2477 supradicta
1307 2429 1368 2460 ex
1405 2428 1635 2462 consensu
1670 2412 1786 2461 dicti
1811 2411 2006 2476 capituli
2029 2415 2153 2461 teste
2176 2411 2520 2475 subscriptione

593 2520 735 2551 manu
770 2502 963 2566 propria
1007 2501 1112 2550 loco
1153 2506 1203 2550 et
1246 2502 1322 2549 die
1360 2500 1647 2565 supradictis
1698 2529 1707 2538 -
1759 2500 1826 2549 Et
1863 2516 1950 2564 ego
1989 2499 2232 2549 Galfridus
2268 2501 2327 2548 de
2363 2499 2519 2563 Abyr-

592 2592 732 2640 broth
756 2589 1065 2639 cancellarius
1083 2590 1210 2638 dicte
1234 2589 1433 2639 ecclesie
1457 2589 1755 2653 presentibus
1779 2589 2009 2638 consentii
2033 2591 2083 2637 et
2099 2588 2258 2651 juraui
2280 2604 2356 2636 me
2379 2604 2521 2636 manu

593 2679 783 2743 propria
815 2678 1070 2742 subscripsi
1107 2706 1118 2716 ·
1156 2679 1222 2727 Et
1259 2693 1347 2741 ego
1385 2678 1420 2725 J
1424 2678 1633 2726 ohannes
1657 2676 1777 2741 Lyel
1799 2677 2120 2726 thesaurarius
2160 2677 2287 2725 dicte
2321 2677 2520 2726 ecclesie

596 2768 893 2832 presentibus
916 2766 1148 2815 consentii
1171 2770 1220 2815 et
1243 2766 1402 2829 juraui
1426 2770 1475 2814 et
1499 2781 1574 2814 me
1598 2781 1683 2829 per
1705 2764 1848 2813 alium
1886 2765 2116 2814 subscribi
2155 2765 2248 2812 feci
2284 2793 2295 2802 ·
2333 2765 2400 2813 Et
2437 2781 2523 2828 ego

599 2857 740 2918 Hugo
765 2855 964 2903 Henrici
987 2855 1284 2904 subdecanus
1307 2854 1434 2903 dicte
1458 2853 1657 2902 ecclesie
1688 2853 1986 2917 presentibus
2019 2853 2251 2902 consentii
2285 2858 2336 2901 et
2364 2855 2523 2915 Juraui

599 2950 649 2994 et
675 2961 751 2992 me
774 2960 859 3007 per
876 2942 1018 2991 alium
1045 2943 1274 2992 subscribi
1299 2943 1392 2991 feci
1429 2969 1440 2980 ·
1477 2942 1544 2990 Et
1568 2957 1654 3004 ego
1674 2941 1824 3004 Magr.
1845 2940 2115 2990 Willelmus
2132 2941 2191 2989 de
2211 2941 2404 3004 Hawyk
2419 2958 2524 3005 pre-

599 3033 853 3082 bendarius
877 3032 935 3079 de
961 3031 1134 3080 Guthri
1162 3030 1395 3080 consentii
1418 3034 1468 3078 et
1501 3029 1659 3092 jurani
1695 3033 1744 3077 et
1784 3045 1926 3076 manu
1960 3029 2150 3092 propria
2181 3029 2304 3077 hanc
2337 3029 2525 3078 literam

597 3119 852 3182 subscripsi
890 3146 899 3156 ·
939 3119 1003 3166 Et
1021 3134 1106 3181 ego
1125 3119 1331 3167 Thomas
1354 3117 1444 3165 Bel
1467 3117 1721 3166 canonicus
1739 3116 1866 3164 dicte
1890 3116 2089 3165 ecclesie
2113 3121 2163 3165 et
2187 3117 2524 3180 prebendarius

601 3211 659 3258 de
686 3207 920 3271 Kylmoyr
957 3206 1241 3270 supradictis
1278 3205 1696 3255 constitutionibus
1732 3208 1782 3253 et
1821 3204 2196 3254 ordinationibus
2224 3205 2453 3253 consentii
2478 3210 2527 3253 et

593 3297 751 3360 jurani
791 3310 932 3343 manu
972 3295 1161 3357 propria
1198 3294 1452 3357 subscripsi
1491 3322 1501 3332 -
1538 3294 1663 3343 Item
1696 3293 1743 3341 in
1774 3293 1977 3357 quadam
2019 3293 2159 3341 litera
2193 3294 2376 3357 papiria
2405 3293 2531 3356 sigil-
