2950 3970
641 625 1108 682 REGISTRUM
1146 629 1689 691 EPISCOPATUS
1729 639 2318 699 BREOHINENSIS.
2370 644 2437 701 71

513 819 670 863 torum
695 814 823 862 dicte
847 816 1028 879 capelle
1063 822 1415 868 antecessorum
1454 828 1503 870 et
1540 840 1859 874 successorum
1894 830 2143 877 eorundem
2180 830 2229 876 in
2261 831 2435 878 honore

514 903 764 951 Trinitatis
786 903 927 952 beate
953 905 1107 953 Marie
1145 907 1354 970 Virginis
1389 914 1438 957 et
1475 911 1613 959 beate
1652 913 1805 961 Marie
1842 915 2122 978 Magdalene
2159 918 2206 964 in
2242 934 2439 981 persona

512 992 703 1056 propria
725 991 984 1041 celebrabit
1011 993 1083 1042 vel
1101 997 1322 1058 expensis
1346 998 1443 1046 suis
1465 1015 1550 1062 per
1572 999 1715 1048 alium
1739 1001 1965 1050 celebrari
1988 1004 2129 1052 faciet
2155 1005 2195 1053 si
2218 1005 2435 1068 episcopo

513 1082 694 1129 decano
718 1085 767 1128 et
791 1081 1001 1144 capitulo
1025 1083 1244 1131 videatur
1266 1085 1355 1133 hoc
1379 1088 1636 1150 expediens
1674 1117 1683 1127 ·
1723 1118 1732 1126 ·
1772 1117 1781 1127 ·
1816 1091 2024 1139 Predicti
2047 1092 2197 1140 eciam
2233 1094 2438 1141 decanus

512 1173 562 1218 et
586 1169 844 1233 capitulum
869 1170 1027 1218 vinum
1053 1175 1103 1219 et
1127 1188 1296 1235 panem
1333 1175 1394 1221 ad
1428 1177 1667 1238 predictas
1692 1178 1858 1227 missas
1880 1179 2210 1228 ministrabunt
2235 1180 2437 1229 oblacio-

511 1274 597 1307 nes
619 1262 669 1306 et
692 1258 975 1307 elemosinas
998 1261 1302 1322 quotidianas
1329 1263 1455 1312 dicte
1480 1265 1659 1328 capelle
1683 1267 1911 1330 recipient
1946 1273 1995 1316 et
2031 1270 2284 1317 seruabunt
2323 1297 2331 1306 -
2370 1271 2434 1317 Et

464 1411 469 1414 ῃ
511 1362 598 1411 pro
632 1347 939 1411 reparacione
975 1348 1102 1396 dicte
1137 1350 1318 1413 capelle
1352 1355 1452 1399 tam
1488 1353 1614 1401 intra
1649 1370 1787 1418 quam
1835 1360 1974 1403 extra
2007 1372 2113 1404 cum
2147 1373 2263 1420 opus
2295 1358 2436 1405 fuerit

515 1437 851 1485 ministrabunt
876 1435 1029 1500 Super
1057 1438 1228 1501 quibus
1251 1440 1466 1489 omnibus
1489 1446 1538 1489 et
1573 1442 1766 1504 singulis
1791 1444 2004 1492 dominus
2028 1443 2264 1492 Ricardus
2287 1445 2431 1492 Doite

512 1525 788 1590 capellanus
812 1525 939 1573 dicte
965 1524 1147 1589 capelle
1170 1542 1200 1574 a
1238 1543 1313 1575 me
1337 1530 1522 1577 notario
1561 1559 1570 1567 ·
1609 1556 1619 1567 ·
1659 1559 1668 1567 ·
1705 1531 1794 1578 sibi
1817 1532 1916 1579 fieri
1939 1532 2077 1595 petiit
2111 1532 2346 1595 publicum
2369 1533 2437 1579 in—

512 1617 828 1663 strumentum
855 1614 982 1661 Acta
1004 1614 1195 1663 fuerunt
1219 1616 1306 1662 hec
1330 1617 1377 1663 in
1402 1617 1609 1680 capitulo
1632 1618 1829 1667 ecclesie
1853 1619 2136 1669 cathedralis
2154 1621 2437 1668 Brechinen-

512 1704 577 1752 sis
598 1702 827 1766 predictis
850 1717 976 1749 anno
1014 1730 1024 1739 ·
1064 1731 1074 1740 ·
1113 1731 1123 1740 -
1160 1704 1330 1767 quibus
1368 1721 1510 1768 supra
1548 1707 1852 1755 Prescntibus
1887 1708 2086 1756 dominis
2131 1709 2188 1755 de
2230 1707 2435 1771 capitulo

511 1791 800 1856 supra-dictis
824 1790 1015 1838 domino
1040 1790 1286 1839 Willelmo
1311 1792 1535 1841 Herwart
1561 1794 1734 1842 vicario
1759 1795 1816 1842 de
1844 1793 2079 1843 Fernwell
2105 1796 2437 1843 Brechinensis

511 1881 732 1930 dioecesis
766 1883 815 1927 et
850 1879 1042 1926 domino
1065 1880 1274 1928 Patricio
1302 1881 1534 1929 Nicholaii
1570 1882 1754 1930 notario
1788 1882 1975 1945 publico
2009 1898 2111 1930 cum
2138 1883 2298 1931 multis
2321 1883 2425 1930 aliis

514 2000 524 2008 ·
565 2000 574 2009 -
615 1999 623 2008 ·
664 1970 729 2017 Et
763 1969 823 2016 ad
859 1967 1062 2030 amplius
1083 1969 1405 2017 testimonium
1431 1970 1587 2018 dictus
1611 1971 1893 2019 reuerendus
1916 1975 2052 2034 pater
2074 1987 2206 2019 suum
2232 1970 2430 2033 sigillum

511 2059 831 2108 auctenticum
868 2062 919 2104 et
953 2057 1189 2119 prefatum
1226 2058 1483 2122 capitulum
1519 2058 1720 2120 sigillum
1756 2073 1999 2106 commune
2032 2059 2327 2121 presentibus
2349 2075 2430 2120 ap-

511 2150 655 2214 pendi
691 2149 907 2196 fecerunt
942 2144 992 2191 in
1016 2146 1159 2194 robur
1193 2151 1240 2195 et
1265 2147 1535 2194 firmitatem
1560 2147 1764 2194 omnium
1799 2147 2163 2209 prescriptorum
2200 2175 2210 2184 ·
2246 2147 2311 2194 Et
2345 2162 2429 2208 ego

510 2239 545 2286 J
549 2239 759 2287 ohannes
792 2235 937 2284 Ydile
976 2236 1176 2285 clericus
1201 2235 1540 2283 Sanctiandree
1570 2235 1782 2284 dioecesis
1803 2234 2016 2298 publicus
2040 2235 2322 2283 auctoritate
2345 2234 2429 2281 im-

510 2327 677 2392 periali
699 2327 913 2376 notarius
952 2354 961 2364 ·
1001 2354 1010 2364 ·
1049 2353 1059 2362 ·

452 2540 481 2567 *
512 2527 820 2576 Examinatio
842 2526 1037 2576 testium
1062 2539 1202 2588 super
1226 2522 1368 2571 certis
1391 2521 1603 2570 articulis
1639 2538 1723 2585 per
1760 2521 2028 2585 episcopum
2067 2520 2429 2568 Brechinensem

510 2621 560 2665 et
585 2617 815 2664 decanum
854 2615 1061 2663 eiusdem
1100 2614 1158 2660 ad
1198 2614 1471 2675 perpetuam
1511 2610 1578 2658 rei
1615 2609 1883 2657 memoriam
1908 2625 2047 2673 super
2069 2624 2222 2656 annuo
2246 2608 2431 2655 redditu

511 2704 710 2754 ecclesie
735 2706 793 2752 de
819 2702 1030 2752 Lethnot
1053 2717 1139 2765 pro
1164 2699 1304 2748 dictis
1331 2697 1555 2747 soluendo
1579 2697 1775 2746 ecclesie
1801 2698 1859 2745 de
1884 2696 2115 2744 Brechine
2153 2724 2163 2734 ·

421 2840 486 2888 47
522 2829 704 2910 Curia
727 2858 1067 2909 consistorialis
1088 2860 1224 2905 tenta
1247 2855 1370 2919 apud
1396 2853 1627 2902 Brechine
1662 2853 1710 2899 in
1745 2851 1849 2899 loco
1872 2850 2182 2900 consistoriali
2206 2855 2428 2899 consueto

510 2951 663 3016 prima
701 2950 778 2998 die
815 2947 991 2997 mensis
1029 2943 1274 2994 Februarii
1313 2957 1435 2990 anno
1475 2940 1667 2988 Domini
1704 2939 1950 2987 millesimo
1975 2938 2428 3002 quadringentesimo

510 3041 750 3089 tricesimo
784 3038 950 3102 quinto
986 3050 1071 3099 per
1107 3032 1414 3081 reuerendum
1452 3030 1499 3076 in
1538 3028 1694 3076 Cristo
1730 3030 1911 3090 patrem
1936 3030 1985 3074 et
2022 3025 2259 3074 dominum
2283 3026 2427 3072 domi·

511 3145 623 3176 num
659 3129 692 3176 J
697 3128 928 3175 ohannem
967 3123 1237 3187 episcopum
1277 3118 1639 3166 Brechinensem
1676 3143 1686 3154 ·
1725 3116 1830 3170 Quo
1867 3115 1942 3162 die
1981 3114 2240 3177 comparuit
2278 3114 2325 3160 in
2356 3114 2431 3174 ju-

513 3217 638 3265 dicio
661 3213 942 3264 venerabilis
965 3212 1036 3260 vir
1059 3209 1274 3258 dominus
1296 3207 1330 3253 J
1335 3206 1541 3254 ohannes
1566 3202 1712 3266 Lyale
1737 3205 2011 3266 procurator
2034 3206 2082 3249 et
2113 3201 2298 3250 nomine
2325 3216 2430 3263 pro-

511 3305 751 3354 curatorio
775 3318 868 3367 quo
906 3316 1048 3364 supra,
1084 3302 1132 3346 et
1171 3296 1404 3360 quandam
1429 3292 1670 3340 citationis
1692 3290 1902 3340 sedulam
1944 3306 1974 3337 a
2013 3289 2140 3337 dicto
2175 3289 2430 3335 reuerendo
