2950 3970
483 602 593 656 144
656 602 1121 658 REGISTRUM
1161 601 1699 657 EPISCOPATUS
1740 597 2331 657 BRECHINENSIS.

479 794 563 852 yat
589 790 636 838 in
660 791 808 839 defalt
832 792 900 840 off
929 808 1040 840 zour
1063 790 1441 839 ministratioune
1466 790 1534 837 off
1563 805 1675 837 zour
1703 790 1836 838 office
1859 804 1932 838 we
1955 789 2058 837 heir
2080 804 2142 836 na
2165 785 2417 850 rychtwiss

480 878 738 942 complaint
763 880 809 927 in
833 885 963 943 tyme
987 885 1039 927 to
1064 895 1170 927 cum
1195 879 1345 926 under
1367 877 1432 925 all
1456 894 1578 941 pane
1602 879 1695 925 and
1721 878 1890 941 charge
1913 882 1998 941 yat
2021 877 2134 925 eftir
2155 891 2234 923 ma
2254 873 2415 922 follow

481 967 765 1031 deliueringe
788 969 863 1031 yir
884 985 970 1016 our
991 968 1178 1016 letteris
1200 968 1261 1014 be
1283 982 1371 1014 zou
1396 965 1551 1014 deulie
1576 971 1750 1014 execut
1773 982 1921 1029 agane
1945 970 1997 1014 1ο
2020 981 2080 1028 ye
2103 966 2241 1012 berer
2261 963 2415 1026 gewin

479 1057 615 1104 ondir
654 1073 741 1104 our
780 1057 965 1119 singnet
1005 1060 1056 1104 at
1097 1055 1331 1104 Falkland
1371 1071 1431 1117 ye
1473 1055 1620 1116 xxviij
1659 1057 1752 1118 day
1787 1054 1855 1102 off
1886 1056 2072 1117 August
2104 1054 2198 1101 and
2233 1052 2301 1100 off
2330 1067 2416 1099 our

480 1161 653 1208 regnne
676 1161 737 1207 ye
763 1144 864 1206 xiiij
893 1144 1033 1192 zheir.

482 1346 870 1407 Transsumptum
932 1344 1220 1392 diuersarum
1285 1347 1521 1391 cartarum
1579 1344 1756 1392 factum
1817 1360 1902 1407 per
1960 1344 2206 1407 prouidum
2267 1342 2416 1390 virum

482 1434 734 1496 Symonem
760 1432 904 1480 Clerk
941 1431 1165 1480 balliuum
1202 1431 1250 1479 in
1286 1432 1376 1479 hac
1410 1437 1547 1495 parte
1584 1432 1867 1481 venerabilis
1901 1433 1989 1479 viri
2022 1432 2184 1480 fratris
2220 1431 2417 1478 Henrici

481 1524 539 1569 de
566 1523 911 1570 Lewenstoune
935 1520 1102 1569 militis
1127 1520 1293 1568 Sancti
1316 1520 1350 1566 J
1355 1521 1554 1569 ohannis
1577 1522 1610 1568 J
1615 1521 1969 1571 erosolomitani
2008 1550 2017 1558 -

395 1674 456 1722 73
491 1646 570 1726 In
609 1679 702 1727 Dei
737 1679 926 1726 nomine
963 1679 1118 1726 Amen
1157 1707 1166 1716 ·
1207 1707 1216 1716 ·
1257 1707 1266 1716 ·
1303 1679 1489 1727 cunctis
1526 1681 1691 1741 pateat
1729 1705 1740 1717 ·
1780 1706 1789 1715 ·
1831 1706 1841 1715 ·
1867 1679 1990 1741 quod
2031 1694 2160 1725 3330
2194 1679 2418 1726 1303133-

481 1767 626 1815 tioniS
651 1767 902 1815 Dominice
926 1766 1176 1815 millesimo
1200 1767 1661 1831 quadringentesimo
1686 1766 2072 1830 quinquagesimo
2107 1767 2274 1815 ultima
2312 1784 2420 1815 vero

482 1856 557 1903 die
603 1856 779 1904 mensis
826 1856 1030 1918 Augusti
1071 1855 1330 1903 indictione
1373 1855 1557 1903 decima
1595 1856 1748 1904 tercia
1787 1856 2090 1919 pontificatus
2135 1857 2420 1906 sanctissimi

480 1945 630 2008 patris
668 1973 678 1982 ·
718 1973 727 1982 ·
767 1973 776 1982 ·
816 1943 1052 1992 Nicholaii
1091 1973 1101 1982 ·
1141 1973 1151 1982 ·
1191 1972 1200 1982 ·
1237 1960 1359 2007 pape
1398 1944 1550 2007 quinti
1589 1960 1713 1992 anno
1760 1948 1930 2008 quarto
1967 1973 1976 1982 ·
2017 1973 2026 1982 ·
2066 1973 2075 1982 -
2112 1945 2423 2008 personaliter

482 2034 769 2082 constitutus
792 2033 1016 2097 prouidus
1039 2033 1109 2080 vir
1133 2033 1311 2096 Symon
1336 2032 1479 2080 Clerk
1516 2031 1721 2081 balliuus
1757 2032 1806 2080 in
1844 2034 1934 2080 hac
1957 2037 2094 2096 parte
2132 2033 2423 2083 honorabilis

482 2123 567 2170 viri
590 2123 753 2171 fratris
779 2122 979 2170 Henrici
1005 2123 1062 2169 de
1089 2122 1439 2185 Lewynstoune
1463 2121 1631 2169 militis
1655 2121 1821 2169 Sancti
1855 2121 1890 2168 J
1894 2122 2093 2170 ohannis
2115 2122 2146 2168 J
2153 2122 2423 2171 erosolomi-

481 2212 583 2259 tani
633 2210 1044 2258 Commendatoris
1077 2210 1376 2273 preceptorie
1419 2210 1631 2258 eiusdem
1671 2209 1986 2274 Magistrique
2027 2211 2086 2258 (10
2127 2210 2423 2275 Torfechyne

482 2305 622 2364 prout
659 2300 843 2348 cunctis
878 2299 1172 2347 intuentibus
1206 2298 1394 2362 publice
1442 2302 1608 2362 patere
1664 2298 1822 2362 potuit
1862 2315 1948 2362 per
1991 2298 2158 2347 literas
2203 2304 2424 2363 patentes

485 2390 601 2438 dicti
637 2389 801 2437 fratris
849 2387 1048 2435 Henrici
1094 2387 1341 2451 sigilloque
1382 2387 1618 2435 communi
1645 2387 1772 2435 dicte
1815 2388 1980 2435 domus
2027 2389 2085 2435 de
2131 2387 2425 2451 Torfechyne

486 2479 717 2542 sigillatas
751 2493 808 2525 30
845 2493 930 2541 per
967 2476 1276 2524 reuerendum
1318 2476 1367 2523 in
1408 2475 1567 2524 Cristo
1608 2479 1792 2539 patrem
1837 2476 1871 2522 J
1875 2475 2107 2524 ohannem
2155 2477 2424 2540 episcopum

489 2568 855 2616 Brechinensem
880 2566 1034 2614 eidem
1059 2565 1253 2628 Symoni
1277 2568 1576 2628 presentatas
1595 2568 1644 2612 et
1659 2580 1743 2627 per
1761 2580 1836 2611 130
1860 2565 2094 2612 3013111131
2110 2565 2425 2629 subscriptum

488 2659 536 2704 in
554 2656 666 2704 villa
691 2657 749 2704 de
775 2654 1046 2718 Tempilhill
1063 2654 1206 2716 juxta
1227 2654 1413 2701 Kethik
1433 2668 1590 2701 coram
1610 2653 1887 2716 subscriptis
1900 2653 2103 2702 testibus
2121 2654 2306 2717 publice
2323 2671 2428 2717 per-

489 2746 640 2793 lectas
664 2743 1050 2808 quarumquidem
1087 2742 1334 2790 literarum
1367 2746 1506 2790 tenor
1542 2742 1601 2788 de
1637 2741 1781 2789 verbo
1818 2741 1866 2788 in
1903 2742 2095 2789 verbum
2131 2743 2344 2806 sequitur
2378 2749 2427 2791 et

492 2839 565 2882 est
599 2833 711 2881 talis
749 2860 758 2870 ·
794 2832 958 2880 ffrater
982 2831 1222 2879 Henricus
1247 2831 1599 2893 Lewynstoune
1634 2830 1770 2878 miles
1805 2830 1984 2879 ordinis
2007 2830 2173 2879 Sancti
2195 2831 2230 2878 J
2234 2831 2432 2881 ohannis

491 2924 524 2970 J
530 2921 883 2971 erosolomitani
923 2936 980 2968 ac
1016 2919 1373 2968 commendator
1394 2917 1691 2982 preceptorie
1727 2918 1936 2966 eiusdem
1975 2919 2208 2982 Magister
2231 2921 2288 2967 de
2315 2921 2430 2968 Tor-

496 3115 635 3163 quam
674 3098 723 3145 in
759 3096 1102 3160 temporalibus
1139 3095 1340 3144 ubilibet
1381 3095 1670 3144 constitutus
1707 3095 1896 3144 dilectis
1941 3097 2116 3145 nostris
2158 3097 2430 3147 Alexandro

498 3187 693 3235 Cristini
733 3189 783 3234 et
825 3186 1020 3248 Symoni
1062 3185 1236 3233 Clerici
1278 3189 1327 3232 et
1366 3184 1562 3233 cuilibet
1609 3200 1772 3233 eorum
1821 3185 2107 3233 coniunctim
2149 3190 2198 3234 01
2245 3186 2428 3235 diuisim

490 3012 692 3073 fechyne
716 3010 839 3057 infra
862 3025 1054 3072 regnum
1081 3008 1244 3056 Scotie
1268 3007 1316 3054 in
1341 3007 1499 3071 capite
1523 3011 1572 3055 et
1596 3007 1645 3054 iu
1667 3007 1891 3055 membris
1912 3011 2011 3056 tam
2036 3007 2084 3055 in
2109 3009 2432 3072 spiritualibus
2936 2884 2950 3096 ἒ

2939 3121 2950 3188 ἒ

498 3275 688 3323 balliuis
710 3274 886 3323 nostris
909 3275 970 3321 ad
993 3273 1297 3336 infrascripta
1320 3272 1522 3322 salutem
1563 3301 1572 3311 ·
1610 3273 1786 3322 Sciatis
1810 3275 1933 3337 quod
1971 3275 2288 3323 concessimus
2324 3304 2334 3312 ·
2374 3304 2383 3314 ·
2424 3305 2433 3314 -
2945 3229 2950 3254 Ι

2943 3347 2950 3406 1
