2950 3970
529 668 639 723 192
704 665 1165 721 REGISTRUM
1203 664 1742 719 EPISCOPATUS
1782 663 2375 719 BRECHINENSIS.

528 857 645 903 tiam
671 854 1124 918 compromissariam
1150 857 1199 901 et
1223 869 1307 916 per
1331 853 1454 900 viam
1492 851 1754 900 amicabilis
1788 852 2143 915 compositionis
2179 869 2317 916 quam
2352 853 2461 899 feri-

531 961 635 992 mus
669 945 716 990 in
752 943 843 991 hiis
877 942 1067 1006 scriptis
1103 941 1468 1005 pronunciamus
1492 940 1786 988 decernimus
1810 939 2103 988 declaramus
2126 940 2253 988 illam
2278 942 2459 1003 peciam

531 1038 658 1081 terre
683 1034 740 1079 de
782 1031 1030 1079 Kenbreth
1054 1030 1199 1079 fuisse
1224 1045 1327 1078 esse
1366 1033 1415 1076 et
1451 1029 1552 1076 fore
1576 1028 1798 1091 parochie
1834 1029 1892 1075 de
1929 1028 2121 1091 Kynnel
2161 1033 2210 1076 et
2249 1030 2462 1076 dioecesis

533 1121 872 1170 Sanctiandree
912 1148 921 1156 ·
961 1119 1026 1166 Et
1068 1122 1300 1165 rectorem
1348 1118 1406 1164 de
1449 1116 1643 1179 Kynnel
1681 1120 1730 1164 et
1766 1132 1878 1165 suos
1913 1132 2207 1165 successores
2254 1121 2462 1164 rectores

535 1210 661 1256 dicte
686 1207 884 1256 ecclesie
925 1207 1004 1271 qui
1041 1222 1126 1269 pro
1165 1210 1378 1268 tempore
1415 1205 1592 1252 fuerint
1629 1209 1729 1253 tres
1751 1204 1896 1253 libras
1918 1205 2215 1252 thezaurario
2241 1206 2467 1252 Brechin-

538 1298 637 1345 ensi
665 1325 675 1334 ·
703 1297 767 1343 Et
788 1295 962 1343 vicario
981 1295 1107 1342 dicte
1127 1293 1325 1342 ecclesie
1344 1309 1430 1342 sex
1449 1293 1625 1341 solidos
1643 1297 1692 1341 et
1711 1297 1820 1341 octo
1839 1294 2058 1341 denarios
2083 1294 2260 1342 usualis
2278 1298 2466 1342 monete

542 1385 702 1432 Scotie
739 1399 992 1446 eorumque
1039 1381 1386 1430 successoribus
1432 1381 1740 1430 thezaurariis
1780 1385 1829 1429 et
1864 1382 2050 1430 vicariis
2097 1382 2222 1429 dicte
2269 1381 2466 1430 ecclesie

539 1473 781 1520 annuatim
822 1471 1088 1535 persoluere
1129 1471 1187 1517 ad
1231 1471 1348 1518 duos
1382 1471 1493 1518 anni
1534 1471 1761 1519 terminos
1801 1470 2020 1518 videlicet
2054 1472 2178 1519 festa
2212 1472 2384 1534 pasche
2420 1475 2469 1518 et

539 1560 872 1624 assumptionis
909 1561 1049 1607 beate
1090 1559 1244 1606 Marie
1284 1575 1369 1621 per
1405 1557 1596 1621 equales
1634 1559 1815 1606 medias
1851 1559 2093 1621 portiones
2116 1559 2303 1606 nomine
2327 1559 2470 1606 annui

542 1665 710 1698 census
744 1665 826 1696 seu
862 1648 1100 1711 pensionis
1137 1663 1223 1710 pro
1258 1647 1383 1694 omni
1415 1647 1522 1708 jure
1559 1651 1608 1694 et
1639 1648 1760 1708 juris
1799 1647 1978 1694 clameo
2003 1664 2096 1710 que
2121 1647 2236 1695 dicti
2258 1648 2473 1695 thezaur-

543 1738 669 1785 arius
718 1742 766 1784 et
813 1736 1016 1784 vicarius
1059 1751 1313 1799 eorumque
1355 1750 1649 1784 successores
1688 1764 1696 1772 -
1737 1764 1746 1773 -
1786 1763 1795 1773 ·
1832 1736 2008 1782 habent
2047 1764 2056 1772 -
2097 1764 2105 1772 ·
2145 1764 2154 1772 ·
2191 1735 2238 1782 in
2284 1751 2367 1783 seu
2413 1736 2473 1782 ad

544 1842 860 1890 quascumque
897 1825 1105 1872 decimas
1139 1841 1230 1888 que
1266 1824 1537 1886 contingere
1572 1828 1830 1887 potuerunt
1865 1841 1948 1872 seu
1983 1828 2208 1887 poterunt
2233 1824 2356 1870 infra
2379 1825 2476 1870 dic-

543 1921 641 1963 tam
666 1915 848 1977 peciam
874 1918 1000 1961 terre
1026 1914 1084 1960 de
1111 1904 1383 1960 Kenbretht
1406 1912 1698 1975 temporibus
1721 1912 2016 1975 presentibus
2040 1928 2122 1960 seu
2146 1928 2231 1975 pro
2254 1912 2426 1959 futuris
2464 1939 2473 1948 ·

548 2005 614 2050 Et
648 2005 696 2050 in
733 2007 952 2051 euentum
991 2003 1114 2065 quod
1141 2002 1295 2049 dictus
1318 2017 1500 2049 annuus
1524 2017 1691 2049 census
1725 2017 1808 2049 seu
1843 2001 2006 2063 pensio
2030 2004 2219 2047 maneat
2244 1999 2476 2048 insolutus

545 2108 628 2140 seu
653 2091 858 2140 insoluta
881 2105 1172 2153 quocumque
1196 2089 1398 2137 termino
1421 2089 1746 2152 prenominato
1781 2092 1863 2136 aut
1899 2089 2021 2135 infra
2044 2087 2354 2151 quadraginta
2377 2088 2477 2134 dies

547 2180 760 2242 proxime
780 2183 828 2226 et
844 2177 1116 2225 immediate
1135 2181 1387 2240 sequentes
1406 2177 1583 2224 dictum.
1604 2177 1853 2224 terminum
1873 2176 2051 2224 totiens
2069 2176 2287 2239 quotiens
2304 2175 2475 2223 solutio

546 2272 662 2319 dicti
683 2271 823 2318 annui
843 2286 1012 2318 census
1038 2298 1047 2307 ·
1077 2298 1086 2307 ·
1116 2298 1125 2306 ·
1153 2269 1378 2317 defecerit
1395 2270 1693 2316 thezaurario
1709 2273 1758 2316 et
1774 2268 1949 2316 vicario
1969 2285 2050 2316 seu
2075 2284 2234 2315 eorum
2259 2283 2478 2329 procura-

546 2359 728 2407 toribus
766 2388 775 2396 ·
815 2388 824 2396 -
865 2388 874 2396 -
910 2358 1349 2421 superuenientibus
1372 2359 1498 2421 apud
1523 2357 1770 2405 ecclesiam
1810 2358 1866 2404 de
1904 2356 2113 2419 Kynnell
2150 2356 2196 2402 in
2233 2357 2361 2403 dicto
2384 2360 2479 2403 ter-

547 2448 673 2495 mino
711 2463 793 2494 seu
833 2447 956 2492 infra
993 2446 1305 2509 quadraginta
1343 2446 1443 2494 dies
1482 2446 1723 2508 predictos
1758 2449 1807 2492 et
1846 2472 1855 2482 ·
1896 2473 1905 2482 ·
1945 2474 1954 2482 ·
1992 2445 2262 2507 petentibus
2285 2460 2477 2492 censum

548 2535 674 2582 illius
711 2534 903 2582 termini
940 2562 949 2571 ·
990 2562 999 2571 ·
1040 2562 1049 2570 -
1086 2533 1179 2581 illis
1218 2533 1492 2596 petentibus
1531 2533 1738 2596 persolui
1785 2537 1834 2580 et
1880 2549 1972 2580 non
2020 2531 2226 2580 solutum
2275 2537 2327 2579 ut
2373 2548 2478 2594 pre-

549 2624 741 2671 missum
781 2626 853 2670 est
891 2622 1017 2670 omni
1057 2621 1132 2669 die
1171 2638 1263 2684 quo
1301 2622 1456 2670 dictus
1495 2637 1662 2669 census
1686 2626 1875 2668 maneat
1910 2620 2142 2668 insolutus
2164 2624 2271 2682 post
2295 2619 2476 2683 lapsum

551 2712 860 2775 quadraginta
902 2711 1080 2758 dierum
1123 2714 1280 2757 rector
1321 2711 1447 2757 dicte
1494 2709 1693 2757 ecclesie
1741 2710 1798 2755 de
1847 2707 2057 2770 Kynnell
2095 2736 2104 2745 -
2145 2737 2154 2746 ·
2193 2737 2203 2745 -
2240 2707 2477 2770 persoluet

549 2799 844 2847 thezaurario
859 2803 908 2846 et
926 2798 1101 2846 vicario
1121 2799 1247 2846 dicte
1268 2797 1466 2846 ecclesie
1487 2797 1822 2845 Brechinensis
1849 2825 1858 2834 -
1888 2825 1897 2834 ·
1926 2824 1935 2834 ·
1962 2797 2078 2844 duos
2096 2795 2271 2844 solidos
2288 2800 2476 2843 monete

551 2888 783 2935 currentis
825 2887 984 2935 Scotie
1024 2887 1212 2934 nomine
1255 2902 1375 2950 pene
1416 2886 1542 2934 inter
1583 2886 1736 2933 dictos
1775 2885 2120 2932 thezaurarium
2164 2889 2212 2931 et
2252 2884 2477 2930 vicarium

542 2977 687 3038 juxta
709 2979 860 3023 ratam
886 2978 935 3022 et
957 2973 1236 3023 facultatem
1260 2974 1332 3022 sui
1357 2989 1525 3022 census
1547 2972 1749 3036 predicti
1775 2971 2007 3035 equaliter
2029 2971 2306 3018 diuidendos
2329 2987 2475 3034 usque

552 3067 612 3113 ad
651 3065 1023 3114 satisfactionem
1061 3063 1339 3126 condignam
1377 3062 1650 3127 principalis
1687 3061 1829 3109 annui
1865 3076 2032 3108 census
2054 3077 2147 3108 non
2171 3059 2312 3108 soluti
2351 3087 2360 3096 ·
2400 3061 2476 3106 Ad

552 3169 691 3217 quam
746 3168 916 3216 penam
977 3150 1274 3200 soluendamv
1307 3155 1361 3199 ut
1406 3150 1699 3214 premittitur
1745 3149 1924 3196 dictum
1974 3149 2226 3196 Rectorem
2274 3152 2322 3194 et
2368 3162 2477 3195 suos

550 3256 843 3290 successores
883 3239 1201 3302 jurisdictioni
1242 3243 1291 3287 et
1333 3237 1601 3287 cohercioni
1642 3236 1819 3285 domini
1862 3236 2087 3299 Episcopi
2135 3235 2473 3283 Sanctiandree

551 3359 561 3368 ·
600 3358 610 3368 ·
649 3358 659 3367 ·
696 3329 988 3377 decernimus
1026 3327 1268 3377 subiacere
1306 3354 1316 3365 ·
1355 3327 1479 3375 Lata
1516 3330 1566 3374 et
1602 3324 1730 3374 lecta
1767 3327 1817 3372 et
1854 3324 1902 3371 in
1942 3323 2130 3387 scriptis
2169 3324 2362 3371 redacta
2383 3322 2474 3369 fuit
