2950 3970
481 628 592 686 174
658 630 1124 686 REGISTRUM
1161 632 1703 688 EPISCOPATUS
1744 633 2348 690 BRECHINENSIS.

2127 765 2262 808 tertio

487 818 630 881 Junij:
641 823 691 867 et
710 820 768 868 de
786 835 910 868 anno
929 819 1124 868 Domini
1138 819 1388 868 millesimo
1405 821 1866 884 quadrIngentesimo
1890 823 2074 872 decimo
2090 824 2307 887 septime-
2329 853 2348 884 ·.
2367 824 2433 872 Et

489 906 589 955 alia
606 906 693 956 sub
716 912 901 956 secreto
923 907 1078 970 sigillo
1102 908 1150 955 in
1173 907 1353 970 vulgari
1376 907 1431 955 in⁴
1449 923 1560 958 cera
1582 908 1853 961 ‘rubeaalbe
1872 910 2102 975 impressa
2127 913 2434 963 devicesima

491 999 631 1044 sexta
654 995 732 1043 die
755 996 929 1045 mensis
952 996 1095 1058 Junij
1127 1000 1177 1044 et
1217 997 1277 1044 de
1312 1005 1437 1044 anno
1473 996 1669 1060 Domini
1686 997 1944 1047 millesimo
1968 1001 2431 1064 quadringentesimo

493 1084 676 1132 decimo
699 1084 901 1148 septimo
928 1113 938 1123 ·
965 1085 1049 1132 De:
1065 1085 1236 1148 quibus
1259 1085 1548 1134 omnibusin
1571 1084 1668 1134 illis
1689 1085 1844 1135 literis
1867 1089 2107 1138 contentis
2128 1091 2262 1139 etde
2285 1090 2434 1139 omni-

492 1173 580 1220 bus
602 1172 887 1236 supradictis
911 1173 1177 1237 Episcopus
1204 1175 1459 1222 modernus
1482 1178 1533 1222 et
1565 1174 1636 1223 sui
1661 1175 2017 1238 predecessores
2050 1177 2206 1240 gauisi-
2236 1182 2355 1227 sunt*
2382 1182 2431 1225 et

491 1262 539 1308 in
564 1262 762 1324 pacifica
783 1263 1078 1325 possessione
1102 1279 1206 1312 esse
1225 1252 1571 1312 consueuerunt
1611 1291 1622 1302 ·
1657 1262 2058 1314 Deliberauerunt
2077 1269 2298 1329 preterea
2315 1266 2431 1314 dicti

485 1350 634 1411 jurati
657 1351 783 1414 quod
806 1367 1075 1415 nuncquam
1098 1352 1382 1400 audiuerunt
1418 1367 1507 1399 nec
1541 1351 1763 1400 viderunt
1785 1368 2128 1417 quemcumque
2158 1355 2430 1418 episcopum

494 1438 861 1488 Brechinensem
885 1441 1043 1488 vocari
1078 1441 1128 1488 in
1164 1440 1296 1488 curia
1313 1440 1579 1503 justiciarie
1617 1457 1703 1504 pro
1739 1441 1882 1490 terris
1919 1443 1979 1489 de
2018 1443 2267 1506 Kingorny
2303 1443 2431 1506 ipsas

492 1527 811 1589 expremendo
848 1555 860 1564 ·
898 1527 1000 1575 Nec
1023 1544 1109 1591 pro
1133 1543 1428 1592 quacumque
1451 1528 1548 1576 alia
1569 1533 1701 1577 terra
1723 1534 2001 1592 expressata
2023 1530 2147 1578 infra
2183 1531 2432 1578 vicecomi-

488 1619 645 1663 tatum
669 1616 727 1662 de
752 1615 975 1679 Mernyss
996 1632 1086 1665 nec
1108 1633 1242 1666 suam
1265 1618 1551 1681 presentiam
1574 1621 1802 1682 tanquam
1827 1622 2024 1667 vocatus
2060 1619 2109 1666 in
2147 1619 2277 1667 dicta
2299 1620 2432 1666 curia

483 1703 744 1765 justitiario
768 1720 854 1767 pro
878 1704 1021 1754 dictis
1040 1706 1182 1754 terris
1200 1706 1424 1754 adhibere
1447 1721 1535 1754 nec
1559 1710 1755 1770 propter
1771 1722 2114 1770 quamcumque
2132 1708 2428 1756 vocationem

490 1807 650 1840 eorum
675 1793 725 1840 in
748 1793 878 1841 dicta
901 1794 1032 1842 curia
1055 1794 1273 1842 viderunt
1298 1810 1386 1842 nec
1410 1794 1694 1843 audiuerant
1729 1795 2058 1859 quodcumque
2094 1797 2430 1844 amerciamen-

489 1886 592 1928 tum
618 1881 725 1944 capi
748 1881 823 1928 vel
845 1881 995 1929 leuari
1018 1898 1048 1930 a
1071 1882 1200 1930 dicto
1227 1883 1486 1931 reuerendo
1509 1886 1646 1946 patre
1670 1883 1896 1931 moderno
1935 1883 2009 1931 vel
2046 1884 2151 1933 eius
2183 1885 2431 1948 predeces—

491 1969 675 2018 soribus
712 1985 798 2033 pro
834 1969 936 2018 eius
973 1974 1057 2018 aut
1094 1987 1255 2019 eorum
1303 1971 1521 2020 absentia
1566 1987 1597 2019 a
1642 1971 1784 2020 dictis
1822 1972 1964 2020 curiis
1999 1972 2114 2021 licet
2150 1974 2430 2037 quandoque

489 2057 655 2105 vocari.
672 2063 1019 2107 consueuerant
1043 2059 1173 2107 nullo
1194 2063 1357 2107 tamen
1380 2060 1521 2107 modo
1543 2059 1862 2122 puniebantur
1890 2075 1976 2124 pro
2013 2077 2175 2108 eorum
2210 2061 2430 2111 absentia

492 2163 523 2193 a
546 2146 688 2194 dictis
711 2146 854 2195 curiis
879 2174 890 2184 ·
916 2148 1077 2202 Quam
1090 2147 1407 2210 cognitionem
1424 2163 1481 2195 ac
1500 2148 1661 2196 omnia
1676 2147 1780 2196 aliav
1790 2152 1840 2196 et
1863 2148 2048 2211 singula
2067 2149 2112 2196 in
2134 2150 2300 2198 eadem
2319 2162 2430 2198 con-

495 2239 634 2283 tenta
655 2235 704 2297 in
728 2235 947 2291 omnibus
967 2236 1066 2285 suis
1079 2237 1273 2300 punctis
1298 2265 1309 2275 ·
1337 2264 1347 2274 ·
1375 2264 1387 2274 ·
1411 2241 1465 2302 ut
1483 2236 1777 2300 premittitur
1790 2238 2122 2301 Approbamus
2147 2266 2158 2276 ·
2185 2266 2196 2276 ·
2223 2259 2234 2276 ⁶
2258 2254 2315 2286 ac
2335 2250 2352 2277 '·
2378 2267 2390 2277 ·
2417 2267 2428 2276 ·

493 2324 820 2372 confirmamus
857 2352 867 2362 ·
901 2325 1132 2377 *In-cuius«
1149 2326 1218 2373 rei
1240 2325 1564 2374 testimonium
1588 2326 1798 2389 presenti
1822 2330 1957 2374 carte
1988 2331 2150 2375 nostre
2184 2328 2428 2375 confirma-

492 2413 638 2460 tionis
655 2428 879 2475 magnum
890 2412 1093 2476 sigillum
1111 2418 1325 2462 nostrum
1342 2414 1518 2477 apponi
1535 2414 1833 2478 precepimus
1851 2415 2075 2464 Testibus
2095 2417 2356 2464 reuerendo
2379 2416 2428 2464 in

495 2501 651 2549 Cristo
674 2505 810 2564 patre
835 2501 1081 2550 Willelmo
1104 2502 1326 2566 episcopo
1345 2501 1627 2565 Glasguensi
1649 2502 1894 2551 Willelmo
1919 2503 2109 2551 domino
2130 2504 2429 2566 Crychtoune

493 2594 655 2637 nostro
679 2589 961 2638 cancellario
997 2595 1048 2639 et
1085 2590 1433 2654 consanguineo
1454 2589 1716 2653 predilecto
1755 2590 2044 2655 dilectisque
2072 2591 2431 2655 consanguineis

492 2679 679 2726 nostris>
692 2678 902 2726 Patricio
924 2678 1114 2727 domino
1135 2678 1182 2727 le
1206 2679 1444 2727 Grahame
1469 2679 1663 2726 Andrea
1698 2679 1888 2727 domino
1924 2679 1970 2727 le
2009 2680 2142 2743 Gray
2184 2680 2430 2744 Magistris

490 2767 523 2812 J
527 2745 737 2822 ohannes,
749 2767 931 2819 Anouss
963 2767 1297 2815 archidiacono
1334 2766 1617 2829 Glasguensi
1663 2770 1713 2814 et
1764 2767 1970 2830 Georgio
2019 2768 2078 2815 de
2126 2762 2427 2818 Schoriswod

495 2858 695 2907 rectore
715 2843 800 2914 de.
794 2854 975 2926 Ο11111θ
1010 2855 1150 2919 Apud
1188 2854 1424 2906 Falkland
1465 2854 1618 2917 primo
1655 2855 1732 2903 die
1766 2855 1942 2904 mensis
1977 2855 2270 2919 Septembris
2304 2872 2428 2904 anno

495 2941 690 3007 Domini
723 2919 1011 3015 millesimo
1031 2943 1493 3007 quadringentesimo
1533 2943 2071 3008 quinquagesimoprimo
2120 2972 2131 2982 ·
2180 2945 2246 2992 Et
2293 2946 2423 3008 regni

448 3065 452 3068 .
496 3029 645 3094 nostri,
668 3012 1018 3094 decimoquinto
1055 3059 1065 3069 -
1099 3079 1102 3081 Α
