2950 3970
1194 575 1656 633 TABULA.
2432 595 2546 647 xvii

710 749 882 801 ejusdem
903 750 1075 790 redditus
1094 752 1166 789 sibi
1184 751 1302 791 debiti
1318 767 1340 792 a
1356 755 1478 806 burgo
1498 755 1546 794 de
1566 755 1707 795 Dunde
1725 758 1764 795 in
1778 757 1949 797 favorem
1967 759 2115 800 Decani
2135 769 2175 801 et
2195 763 2359 815 Capituli
2382 767 2545 807 Canoni-
2563 786 2568 791 ·

707 826 839 851 corum
860 814 1187 853 Brechinensium.
1244 814 1314 868 [24
1332 817 1427 856 Jun.
1452 819 1585 872 1507.]

424 939 548 978 XCV.
605 939 722 978 Carta
742 940 896 978 Ricardi
918 941 1078 992 Turing.
1134 939 1204 993 [10
1227 944 1318 983 Oct.
1337 945 1471 998 1507.]

402 1066 545 1107 XCVI.
600 1067 847 1105 Mortificatio
865 1067 1002 1106 Jacobi
1023 1071 1147 1118 quarti
1171 1069 1288 1120 Regis
1307 1073 1423 1109 annui
1442 1073 1610 1111 redditus
1630 1074 1677 1111 de
1696 1076 1823 1124 paruis
1843 1076 2052 1115 redditibus
2075 1078 2252 1117 Civitatis
2273 1081 2541 1121 Brechinensis

706 1130 922 1180 Capellanis
943 1130 1058 1170 Chori
1078 1134 1239 1172 ecclesie
1259 1135 1496 1174 cathedralis.
1552 1135 1595 1187 [8
1615 1138 1715 1187 Aug.
1739 1139 1872 1191 1508.]

378 1256 543 1296 XCVII.
600 1257 902 1297 Instrumentum
931 1258 1216 1298 Procax-ationis
1244 1273 1313 1309 per
1341 1261 1575 1312 Episcopum
1593 1269 1632 1301 et
1653 1264 1865 1304 Canonicos
1894 1267 2170 1305 Brechinenses
2198 1281 2314 1317 penes
2333 1283 2440 1308 usum
2461 1271 2531 1309 fori

706 1321 896 1360 Civitatis.
953 1319 1023 1373 [10
1043 1323 1145 1362 Nov.
1169 1323 1302 1377 1508.]

354 1446 540 1485 XCVIII.
593 1447 892 1486 Instrumentum
912 1448 1197 1487 deliberationis
1223 1463 1292 1500 per
1318 1452 1534 1491 Johannem
1555 1454 1730 1504 Carnegy
1750 1454 1797 1492 de
1818 1455 2000 1504 Kynnard
2021 1456 2131 1494 unius
2158 1455 2247 1505 equi
2269 1468 2337 1505 pro
2366 1457 2399 1495 le
2427 1457 2533 1495 here-

699 1511 782 1550 zeld
801 1518 921 1550 sextae
939 1512 1057 1562 partis
1077 1519 1261 1551 terrarum
1281 1515 1328 1553 de
1350 1515 1452 1565 Lytil
1474 1517 1653 1566 Carcary.
1711 1514 1779 1568 [26
1801 1517 1903 1558 Nov.
1927 1518 2059 1572 1508.]

398 1638 542 1676 XCIX.
600 1638 801 1678 Sententia
827 1639 1032 1678 diffinitiua
1059 1642 1363 1690 recuperationis
1395 1642 1553 1679 duarum
1588 1656 1795 1681 mercarum
1825 1657 1892 1693 per
1919 1645 2111 1683 dominum
2139 1646 2266 1684 Dauid
2295 1647 2377 1684 Bell
2405 1648 2529 1696 capel-

700 1702 829 1740 lanum
856 1703 986 1741 altaris
1016 1705 1144 1742 Sancti
1175 1704 1335 1754 Georgii
1353 1705 1454 1743 infra
1473 1707 1635 1756 burgum
1661 1707 1709 1744 de
1738 1707 1877 1745 Dunde
1904 1709 1951 1747 de
1978 1711 2088 1747 terris
2106 1710 2154 1747 de
2177 1710 2328 1748 Wester
2355 1710 2528 1760 Brychty

699 1778 827 1804 coram
847 1766 1001 1805 officiali
1021 1768 1305 1806 Sanctiandree.
1362 1766 1403 1820 [7
1427 1769 1552 1819 April.
1576 1769 1709 1822 1510]

490 1893 534 1931 C.
593 1892 709 1931 Carta
736 1906 919 1932 concessa
947 1895 1133 1944 magistro
1164 1895 1321 1944 Hugoni
1342 1895 1552 1945 Dowglace
1571 1896 1716 1934 decano
1743 1909 1811 1945 per
1839 1896 2043 1935 Ricardum
2066 1897 2213 1948 Tui-ing
2230 1899 2343 1936 annui
2363 1898 2527 1936 redditus

698 1958 892 1996 sexdecim
911 1958 1136 1996 solidorum.
1193 1956 1262 2009 [22
1282 1959 1375 2010 Maij
1400 1958 1532 2011 1511.]

475 2084 540 2122 CI.
595 2084 711 2123 Carta
730 2086 887 2122 waranti
906 2085 1047 2134 prefati
1065 2086 1250 2126 redditus.
1306 2084 1375 2138 [22
1395 2086 1493 2137 Maij
1518 2085 1650 2138 1511.]

450 2211 536 2250 CII.
589 2212 890 2250 Instrumentum
908 2212 1167 2250 Possessionis
1187 2214 1360 2263 magistri
1375 2214 1554 2263 Hugonis
1570 2213 1741 2263 Douglas
1760 2213 1853 2252 dicti
1872 2211 1987 2250 annui
2001 2212 2171 2250 redditus
2189 2214 2252 2250 xvi
2273 2225 2302 2251 s.
2323 2225 2391 2262 pro
2406 2213 2525 2251 salute

699 2276 835 2313 animae
854 2288 932 2313 suae
950 2275 1112 2314 fundati.
1168 2274 1237 2328 [19
1257 2277 1349 2316 Jun.
1372 2276 1505 2330 1511.]

432 2402 539 2441 C111.
597 2402 713 2441 Carta
745 2404 987 2441 alienationis
1023 2405 1233 2442 tenementi
1267 2404 1428 2442 ,Ioannis
1465 2404 1693 2443 Steviusoun
1731 2404 1910 2454 magistro
1941 2403 2097 2453 Hugoni
2131 2402 2338 2452 Dowglace
2371 2403 2513 2441 decano

702 2467 964 2505 Brechinensi.
1019 2464 1089 2517 [15
1110 2467 1209 2506 Mar.
1232 2466 1409 2519 1511-2.]

426 2593 530 2633 CIV.
588 2593 704 2632 Carta
721 2594 893 2643 magistri
915 2594 1094 2644 Hugonis
1113 2594 1320 2645 Douglass.
1376 2592 1418 2646 [2
1437 2595 1465 2633 J
1471 2595 1519 2633 ul.
1541 2593 1673 2646 1512.]

447 2719 531 2759 CV.
589 2719 706 2758 Carta
725 2719 1034 2759 Confirmationis
1051 2720 1285 2759 fundationis
1305 2721 1475 2770 magistri
1497 2719 1661 2760 Gilberti
1689 2719 1925 2759 Strathachin
1946 2731 2013 2768 per
2033 2716 2264 2756 willelmum
2283 2716 2513 2767 Episcopum

694 2783 1005 2822 Brechinensem.
1062 2781 1105 2834 [6
1124 2783 1207 2822 Jul.
1228 2785 1326 2821 1512
1344 2783 1360 2837 ]

429 2911 535 2950 CVI.
589 2881 888 2949 Iusti-amentum
913 2909 1071 2949 Saisinae
1089 2923 1203 2960 super
1221 2911 1379 2948 eandem
1401 2916 1554 2949 cartam.
1610 2908 1652 2960 [8
1672 2908 1700 2948 J
1705 2909 1756 2948 ul.
1780 2906 1911 2959 1512]

400 3038 526 3078 CVII.
584 3037 884 3075 Instrumentum
905 3037 1063 3075 Saisinae
1081 3037 1119 3074 in
1138 3037 1308 3075 favorem
1328 3037 1482 3075 Patricii
1504 3036 1668 3085 Tyndail
1688 3035 1870 3084 capellani
1899 3034 2012 3071 annui
2034 3033 2202 3071 redditus
2217 3044 2283 3070 sex
2302 3032 2503 3070 solidorum

686 3101 734 3139 de
755 3107 973 3139 tenemento
990 3101 1177 3139 Johannis
1199 3101 1392 3151 Chepman
1411 3101 1509 3138 infra
1526 3102 1686 3150 burgum
1704 3098 1752 3136 de
1771 3098 1979 3136 Montross.
2033 3094 2100 3147 [26
2124 3096 2242 3145 April.
2263 3094 2395 3148 1513.]

376 3227 523 3268 CVIII.
580 3227 880 3265 Instrumentum
900 3227 1194 3267 constructionis
1212 3228 1370 3265 duorum
1390 3227 1430 3276 ly
1452 3226 1584 3263 Wallis
1603 3224 1810 3264 tenementi
1828 3225 1866 3262 in
1887 3224 2008 3273 burgo
2026 3222 2073 3261 de
2093 3221 2288 3260 Montross
2308 3226 2348 3258 ut
2368 3221 2442 3258 sint
2462 3221 2499 3257 in

703 3303 903 3329 commune
923 3292 1074 3341 utrique
1091 3292 1204 3341 parti.
1259 3287 1302 3342 [5
1315 3291 1405 3340 Maij
1428 3287 1560 3341 1515.]

1380 3418 1403 3453 3
