2950 3970
665 641 1128 698 REGISTRUM
1165 645 1697 704 EPISCOPATUS
1738 650 2322 707 BRECHINENSIS.
2392 655 2462 707 99

545 828 840 892 allegandum
878 859 888 868 ·
927 860 938 869 -
977 860 986 869 ·
1023 848 1188 883 causas
1206 851 1348 897 quare
1363 841 1727 901 transsumptum
1768 866 1776 875 ·
1817 866 1826 875 ·
1865 865 1874 875 ·
1911 839 2097 886 decerni
2115 854 2206 886 non
2225 840 2450 887 deberet·

547 917 755 972 Quarum
784 935 890 967 vero
917 919 1147 969 bullarum
1170 927 1306 971 tenor
1342 924 1400 972 de
1438 926 1578 972 verbo
1614 927 1674 972 ad
1712 926 1900 973 verbum
1926 926 2136 990 sequitur
2169 931 2218 974 et
2253 931 2325 975 est
2346 927 2457 975 talis

548 1005 804 1068 Gregorius
843 1008 1090 1072 episcopus
1129 1026 1292 1059 seruus
1331 1027 1570 1060 seruorum
1612 1014 1705 1062 Dei
1746 1015 1806 1061 ad
1843 1014 2046 1063 futuram
2085 1015 2151 1062 rei
2188 1015 2456 1063 memoriam

547 1094 799 1157 pastoralis
822 1097 962 1144 officii
997 1098 1206 1146 debitum
1242 1100 1317 1147 cui
1352 1100 1627 1164 disponente
1653 1102 1840 1150 domino
1862 1102 2149 1166 presidemus
2173 1103 2384 1166 exposcit
2408 1107 2459 1150 ut

549 1184 609 1230 ad
634 1199 691 1231 ea
713 1200 798 1247 per
821 1201 911 1248 que
935 1185 1237 1235 ecclesiarum
1261 1203 1318 1236 ac
1340 1205 1640 1252 personarum
1661 1189 2080 1239 ecclesiasticarum
2099 1190 2244 1238 statui
2268 1190 2463 1238 salubri-

549 1275 624 1319 ter
657 1273 929 1322 consulatur
961 1274 1159 1323 solicitis
1192 1277 1360 1326 studiis
1395 1282 1619 1340 quantum
1653 1294 1896 1342 possumus
1928 1278 2221 1326 intendamus
2257 1306 2267 1316 ·
2304 1277 2463 1341 Nuper

550 1360 781 1424 siquidem
823 1361 1051 1411 relatione
1096 1363 1187 1412 fide
1233 1364 1372 1427 digna
1411 1366 1702 1429 percepimus
1739 1367 1862 1429 quod
1909 1365 2019 1414 olim
2065 1365 2271 1413 nonnulli
2308 1367 2462 1427 Reges

551 1450 711 1498 Scotie
746 1454 970 1513 pretextu
993 1450 1234 1499 cuiusdam
1268 1456 1322 1500 ut
1355 1454 1626 1501 asserebant
1661 1453 2007 1502 consuetudinis
2031 1470 2119 1516 que
2144 1454 2340 1501 dicenda
2362 1458 2463 1500 erat

553 1539 712 1601 potius
734 1539 1002 1603 corruptela
1025 1540 1183 1588 omnia
1206 1556 1282 1589 res
1305 1544 1353 1588 et
1378 1541 1499 1589 bona
1522 1541 1712 1589 mobilia
1735 1557 1823 1605 que
1849 1541 2071 1604 Episcopi
2095 1541 2208 1588 dicti
2232 1541 2359 1603 regni
2382 1557 2465 1604 pro

553 1631 766 1690 tempore
807 1627 1069 1677 existentes
1106 1632 1318 1698 tempore
1364 1629 1436 1677 sui
1480 1629 1636 1678 obitus
1681 1630 1955 1678 obtinebant
1993 1645 2074 1677 seu
2117 1629 2415 1692 possidebant
2453 1657 2463 1666 ·

557 1715 750 1764 Eisdem
777 1716 1026 1780 Episcopis
1050 1717 1387 1766 decedentibus
1411 1718 1468 1764 de
1506 1718 1633 1765 facto
1658 1718 1935 1781 recipientes
1971 1721 2019 1764 et
2057 1721 2333 1780 usurpantes
2356 1717 2465 1764 sibi-

554 1808 652 1853 met
687 1805 801 1868 ipsis
835 1805 1137 1868 appropriare
1171 1808 1348 1852 temere
1382 1806 1711 1868 presumebant
1749 1833 1759 1842 -
1797 1807 1878 1853 Et·
1896 1806 2018 1868 quod
2051 1805 2162 1853 licet
2197 1805 2305 1852 olim
2341 1804 2464 1852 clare

556 1894 779 1942 memorie
805 1894 963 1942 Dauid
989 1910 1074 1941 rex
1100 1893 1259 1942 Scotie
1289 1895 1398 1941 dum
1436 1898 1595 1956 ageret
1619 1894 1666 1941 in
1689 1893 1903 1941 humanis
1925 1893 2000 1956 pie
2023 1893 2320 1941 considerans
2343 1893 2465 1956 quod

557 1983 823 2032 huiusmodi
863 1984 1153 2032 consuetudo
1193 1982 1389 2031 abusiua
1433 1985 1482 2030 et
1523 1981 1815 2030 detestabilis
1860 1981 2096 2029 existebat
2141 1996 2242 2027 eam
2288 1970 2464 2027 aboleri

559 2072 846 2121 decreuisset
887 2087 943 2119 ac
984 2070 1113 2118 illam
1153 2071 1341 2133 penitus
1381 2074 1648 2118 reuocasset
1689 2074 1738 2118 et
1778 2068 2073 2118 substulisset
2111 2083 2167 2115 ac
2203 2068 2467 2116 mandasset

559 2159 689 2208 illam
730 2161 789 2208 de
830 2163 989 2208 cetero
1026 2158 1293 2206 nullatenus
1338 2158 1575 2206 obseruari
1612 2185 1622 2195 ·
1659 2159 1731 2205 Ac
1777 2157 2071 2220 postmodum
2117 2155 2380 2204 carissimus
2421 2155 2468 2201 in

562 2249 720 2298 Cristo
743 2248 866 2298 filius
888 2253 1050 2297 noster
1075 2248 1312 2296 Robertus
1345 2262 1428 2294 rex
1465 2246 1624 2295 Scotie
1659 2244 1853 2293 illustris
1880 2243 2079 2308 predicti
2102 2242 2260 2290 Dauid
2284 2257 2466 2290 succes-

561 2355 639 2387 sor
661 2339 926 2387 huiusmodi
954 2337 1298 2386 reuocationem
1336 2351 1392 2382 ac
1426 2335 1695 2382 mandatum
1730 2333 2034 2396 approbasset
2070 2334 2118 2378 et
2152 2330 2467 2378 confirmasset

563 2429 741 2476 Tamen
774 2425 986 2475 nonnulli
1009 2426 1216 2474 eiusdem
1256 2424 1376 2486 regis
1415 2422 1637 2471 officiales
1671 2425 1720 2468 et
1756 2420 1837 2468 alii
1872 2435 2053 2483 quoque
2087 2421 2307 2482 pretextu
2345 2418 2469 2465 dicte

563 2515 915 2565 consuetudinis
953 2518 1002 2562 et
1038 2514 1224 2562 nomine
1263 2512 1378 2560 dicti
1418 2510 1617 2559 Roberti
1651 2508 1772 2570 regis
1805 2507 2108 2570 quorumdam
2148 2505 2467 2568 episcoporum

562 2610 614 2654 et
636 2604 923 2669 prelatorum
962 2603 1010 2650 in
1048 2603 1176 2650 dicto
1212 2616 1354 2663 regno
1377 2597 1702 2647 decedentium
1723 2598 1847 2644 bona
1869 2611 2030 2658 rapere
2068 2598 2117 2641 et
2150 2608 2331 2641 camere
2355 2593 2469 2640 dicti

565 2694 687 2757 regis
732 2692 808 2742 vel
840 2691 947 2740 aliis
991 2691 1152 2740 usibus
1195 2687 1496 2753 appropriare
1535 2691 1711 2734 temere
1744 2686 2122 2748 presumpserunt
2160 2682 2387 2729 hactenus
2420 2685 2468 2727 et

565 2784 840 2846 presumunt
877 2808 888 2818 ·
925 2779 1024 2827 Nos
1069 2778 1211 2841 igitur
1254 2777 1556 2825 attendentes
1600 2774 1720 2836 quod
1761 2776 1923 2821 nostra
1965 2771 2162 2818 interest
2201 2784 2340 2832 super
2383 2768 2472 2816 hiis

567 2873 625 2919 de
663 2874 895 2934 oportuno
931 2867 1138 2916 remedio
1177 2865 1421 2929 prouidere
1461 2879 1517 2910 ac
1556 2861 1765 2910 volentes
1799 2859 2061 2907 huiusmodi
2105 2855 2470 2920 presumptuosis

569 2959 761 3008 ausibus
815 2961 1041 3021 quantum
1088 2971 1193 3003 cum
1241 2954 1329 3002 deo
1373 2965 1617 3015 possumus
1662 2947 1910 2997 salubriter
1953 2945 2143 2994 obuiare
2188 2943 2471 3006 presentium

569 3053 735 3096 tenore
759 3045 1019 3095 districtius
1042 3043 1304 3091 inhibemus
1337 3038 1550 3087 omnibus
1583 3042 1632 3085 et
1666 3034 1858 3097 singulis
1879 3032 2090 3097 personis
2111 3031 2160 3079 in
2183 3030 2310 3079 dicto
2333 3046 2473 3092 regno

572 3107 938 3185 consistentibus
976 3147 1035 3180 ne
1075 3133 1298 3194 pretextu
1342 3126 1551 3190 predicte
1591 3122 1865 3172 detestande
1899 3118 2247 3169 consuetudinis
2280 3118 2472 3166 immon-

575 3224 700 3272 erius
723 3219 987 3284 corruptele
1004 3218 1162 3282 aliqua
1180 3218 1302 3264 bona
1319 3214 1645 3275 cuiuscumque
1671 3209 1892 3273 Episcopi
1909 3207 1982 3255 vel
2000 3206 2169 3271 prelati
2193 3205 2240 3253 in
2263 3205 2476 3268 predicto

573 3327 716 3376 regno
741 3307 1013 3358 decedentis
1049 3305 1255 3368 recipere
1291 3301 1365 3350 vel
1401 3314 1586 3364 quoquo
1621 3298 1760 3345 modo
1783 3310 2004 3359 usurpare
2028 3297 2298 3358 presumant
2335 3319 2346 3330 ·
2383 3292 2480 3339 Nos
