2950 3970
491 622 602 676 226
669 619 1134 675 REGISTRUM
1173 616 1712 675 EPISOOPATUS
1754 615 2344 671 BRECHINENSIS.

496 809 767 857 antedictus
790 807 1060 872 capellanus
1085 811 1134 854 et
1159 821 1455 854 successores
1478 806 1550 853 sui
1589 833 1597 841 -
1637 832 1647 842 ·
1687 832 1696 842 ·
1735 819 1820 867 pro
1843 804 2088 852 animabus
2110 805 2284 852 nostris
2321 832 2330 840 ·
2371 831 2380 840 ·
2419 830 2429 840 ·

497 898 738 945 celebrent
781 900 830 943 et
872 895 1083 943 debitum
1126 894 1379 943 seruicium
1421 893 1470 940 in
1511 892 1640 940 dicta
1681 890 1865 955 capella
1902 919 1912 928 ·
1951 919 1961 928 ·
2000 918 2012 929 ·
2046 891 2225 940 faciant
2263 918 2272 929 -
2312 891 2435 938 Volo

498 986 644 1033 etiam
670 985 794 1048 quod
830 983 871 1032 si
908 983 1152 1045 contingat
1177 982 1355 1030 dictum
1381 996 1536 1028 meum
1560 979 1855 1043 capellanum
1890 983 1973 1027 aut
2009 995 2303 1030 successores
2326 995 2436 1028 suos

501 1074 548 1120 in
593 1073 722 1120 dicta
764 1070 949 1135 capella
989 1071 1096 1118 Deo
1132 1070 1395 1118 seruientes
1433 1084 1572 1116 unam
1609 1067 1835 1116 focariam
1871 1084 1956 1131 per
1990 1069 2302 1132 quadraginta
2338 1070 2440 1118 dies

502 1162 627 1224 apud
651 1176 701 1209 se
727 1159 930 1207 retinere
956 1158 1192 1220 cognitam
1217 1161 1266 1205 et
1290 1156 1618 1204 indubitanter
1652 1156 1822 1204 scitam
1846 1159 1896 1204 et
1919 1172 1970 1204 se
1995 1156 2227 1219 corrigere
2251 1163 2439 1206 recusat

506 1250 630 1313 quod
655 1249 755 1311 ipse
780 1264 810 1295 a
833 1247 963 1295 dicto
987 1247 1188 1295 seruicio
1211 1250 1489 1294 amoueatur
1527 1249 1576 1294 et
1613 1245 1734 1294 alius
1771 1246 1983 1308 ydoneus
2007 1247 2067 1293 ad
2093 1246 2270 1295 dictum
2294 1249 2440 1296 serui-

509 1338 632 1384 cium
657 1335 1030 1400 perimplendum
1054 1338 1355 1398 presentetur
1391 1361 1401 1372 ·
1440 1333 1564 1382 Volo
1588 1333 1729 1382 etiam
1756 1338 1805 1382 et
1830 1334 1995 1382 ordino
2019 1336 2144 1398 quod
2168 1335 2442 1399 capellanus

508 1453 519 1464 ·
560 1453 569 1462 ·
609 1453 619 1462 ·
655 1425 829 1472 habeat
853 1440 939 1472 sua
961 1422 1134 1471 focalia
1157 1423 1205 1469 in
1229 1422 1568 1470 communitate
1592 1425 1641 1469 et
1665 1438 1798 1470 mora
1822 1424 1880 1470 de
1907 1423 2135 1486 Kermyle
2174 1452 2184 1461 ·
2223 1424 2289 1472 Et
2314 1426 2441 1488 quod

508 1512 639 1560 nullo
662 1513 802 1560 modo
826 1513 886 1558 ad
910 1511 1038 1559 aliud
1076 1510 1330 1559 seruicium
1367 1525 1417 1558 se
1454 1510 1710 1558 transferat
1749 1514 1910 1573 preter
1932 1511 1993 1558 ad
2017 1512 2251 1575 prefatum
2289 1529 2442 1560 meum

509 1601 761 1649 seruicium
786 1600 835 1646 in
859 1599 1076 1663 predicta
1099 1597 1284 1662 capella
1322 1626 1331 1635 ·
1370 1598 1436 1646 Et
1462 1613 1566 1645 cum
1604 1613 1655 1646 se
1692 1599 2018 1647 absentauerit
2041 1600 2101 1647 ab
2127 1602 2291 1648 eodem
2331 1619 2444 1665 qua-

511 1690 728 1752 draginta
753 1688 917 1735 diebus
940 1691 1055 1735 tunc
1078 1686 1240 1734 licebit
1276 1686 1418 1733 michi
1458 1689 1507 1734 et
1544 1687 1794 1734 heredibus
1818 1688 1936 1735 meis
1959 1704 2098 1735 unum
2125 1688 2267 1737 alium
2293 1691 2448 1754 capel-

510 1778 670 1826 lanum
695 1779 931 1840 ydoneum
951 1777 1000 1824 in
1019 1777 1185 1824 eodem
1203 1775 1452 1824 instituere
1472 1779 1520 1823 et
1537 1775 1762 1823 canonice
1786 1776 2005 1824 ordinare
2043 1804 2053 1814 ·
2091 1777 2216 1825 Volo
2233 1779 2376 1826 etiam
2396 1784 2445 1828 et

513 1867 678 1914 ordino
703 1867 828 1929 quod
862 1866 1062 1912 heredes
1097 1864 1189 1911 mei
1230 1868 1280 1911 et
1320 1879 1616 1912 successores
1655 1863 1938 1927 quicumque
1963 1866 2101 1914 istam
2126 1882 2278 1914 meam
2305 1869 2449 1916 dona-

513 1955 690 2002 tionem
716 1958 766 2002 et
790 1953 1141 2001 concessionem
1165 1956 1390 2015 tanquam
1425 1967 1579 1999 meam
1603 1951 1818 1999 ultimam
1846 1951 2138 2001 voluntatem
2163 1954 2211 2001 in
2235 1957 2449 2005 omnibus

514 2043 703 2106 punctis
727 2042 823 2090 suis
861 2071 870 2079 ·
910 2070 920 2079 ·
961 2070 971 2079 -
1008 2041 1279 2090 custodiant
1302 2044 1352 2088 et
1376 2039 1680 2087 inuiolabiter
1703 2041 1955 2088 obseruent
1981 2042 2066 2089 sub
2091 2058 2231 2090 onere
2256 2048 2305 2091 et
2329 2045 2451 2107 peri-

516 2132 622 2180 culo
646 2132 905 2179 animarum
931 2146 1119 2178 suarum
1143 2132 1286 2192 prout
1309 2144 1451 2192 super
1473 2129 1562 2176 hoc
1586 2144 1745 2176 coram
1770 2144 1953 2177 summo
1975 2129 2136 2190 judice
2160 2130 2209 2178 in
2233 2136 2449 2180 extremo

511 2220 692 2281 judicio
718 2219 1001 2282 respondere
1028 2217 1259 2266 voluerint
1298 2246 1308 2255 -
1347 2217 1550 2280 Insuper
1584 2216 1690 2264 volo
1733 2221 1781 2264 et
1818 2217 1983 2265 ordino
2020 2219 2144 2281 quod
2182 2219 2453 2282 capellanus

521 2307 602 2371 qui
624 2323 710 2371 pro
734 2311 948 2370 tempore
971 2306 1118 2354 fuerit
1142 2306 1267 2369 apud
1292 2305 1468 2353 dictam
1494 2303 1725 2368 capenam
1763 2321 1904 2353 unam
1942 2306 2119 2354 scolam
2142 2324 2230 2370 pro
2253 2309 2454 2357 instruc-

517 2398 647 2444 tione
664 2396 892 2457 juuenum
911 2395 1135 2442 continue
1153 2398 1317 2442 teneat
1342 2398 1391 2441 et
1415 2409 1500 2457 pro
1524 2409 1609 2441 suo
1629 2394 1832 2442 seruicio
1855 2393 2042 2443 assidue
2068 2397 2237 2444 doceat
2258 2397 2453 2445 Necnon

524 2487 916 2549 quandocumque
941 2488 990 2531 et
1014 2483 1431 2546 quotienscumque
1455 2482 1597 2530 michi
1616 2487 1700 2530 ant
1723 2482 1975 2531 heredibus
1997 2483 2115 2532 meis
2138 2483 2287 2533 visum
2311 2485 2453 2534 fuerit

527 2574 783 2638 expediens
820 2588 906 2636 pro
944 2571 1154 2620 utilitate
1191 2570 1484 2618 fundationis
1530 2570 1770 2618 antedicte
1817 2570 2062 2633 capellano
2103 2576 2152 2620 et
2198 2572 2455 2636 capellanis

528 2663 607 2727 qui
630 2678 715 2726 pro
738 2666 952 2724 tempore
974 2660 1150 2707 fuerint
1169 2659 1350 2707 licitum
1377 2659 1468 2706 erit
1493 2659 1628 2707 nobis
1663 2658 1805 2706 istam
1840 2663 2021 2706 cartam
2044 2660 2275 2723 corrigere
2299 2677 2455 2708 emen-

529 2753 639 2799 dare
664 2755 714 2798 et
737 2750 784 2797 in
808 2748 991 2797 meliori
1015 2764 1072 2796 ac
1096 2749 1319 2796 securiori
1337 2749 1489 2795 forma
1506 2748 1715 2810 redigere
1753 2776 1763 2785 ·
1805 2747 1863 2794 In
1888 2748 2019 2796 cuius
2043 2748 2110 2795 rei
2135 2749 2454 2796 testimonium

533 2838 734 2902 sigillum
771 2853 925 2886 meum
961 2837 1199 2900 proprium
1239 2836 1349 2883 huic
1386 2836 1596 2898 presenti
1633 2839 1763 2883 carte
1799 2851 1902 2883 mee
1926 2839 2000 2884 est
2023 2852 2279 2899 appensum
2317 2839 2458 2900 Apud

536 2925 763 2990 Kermyle
787 2926 951 2989 quinto
976 2926 1051 2972 die
1076 2926 1249 2973 mensis
1276 2925 1440 2972 Martii
1465 2940 1588 2972 anno
1611 2923 1804 2972 Domini
1823 2923 2070 2972 millesimo
2089 2925 2460 2987 quingentesimo

535 3031 692 3064 coram
716 3015 808 3063 hiis
831 3014 1035 3062 testibus
1058 3014 1142 3061 viz.
1171 3013 1403 3075 Magistro
1433 3012 1710 3060 Alexandro
1736 3012 1917 3060 Gardin
1953 3012 2129 3059 vicario
2166 3013 2224 3059 de
2265 3013 2462 3076 Manyss

538 3102 770 3166 Magistro
796 3102 955 3149 Dauid
993 3101 1173 3148 Gardin
1211 3101 1399 3149 domino
1437 3101 1711 3148 Alexandro
1753 3101 1964 3148 Maknab
2001 3100 2175 3148 vicario
2214 3102 2272 3148 de
2311 3102 2465 3165 Edwy

542 3193 573 3239 J
577 3191 725 3239 acobo
749 3190 965 3252 Carnegy
989 3190 1047 3237 de
1072 3191 1236 3237 eodem
1263 3189 1483 3237 Waltero
1509 3189 1737 3251 Symsone
1760 3189 1793 3235 J
1798 3189 1980 3236 ohanne
2006 3188 2285 3237 Dauidsone
2309 3194 2359 3238 et
2380 3191 2415 3237 J
2419 3207 2467 3238 o·

542 3282 695 3327 hanne
734 3267 924 3327 Sffible
949 3294 1054 3326 cum
1081 3277 1279 3326 diuersis
1302 3277 1408 3326 aliis
1446 3306 1455 3315 ·
1494 3277 1834 3340 Qnamquidem
1872 3281 2051 3324 cartam
2075 3293 2132 3324 ac
2167 3278 2465 3326 donationem
