2950 3970
705 600 1172 658 REGISTRUM
1209 604 1751 664 EPISOOPATUS
1790 608 2378 666 BRECHINENSIS.
2430 613 2497 666 91

577 789 759 852 cipiunt
793 790 855 838 ab
891 806 984 839 una
1006 796 1141 855 parte
1177 798 1227 841 et
1260 809 1348 843 nos
1370 798 1506 858 parte
1528 795 1589 844 ab
1614 795 1766 845 altera
1788 812 1928 860 super
1950 798 2297 846 constructione
2321 803 2498 846 susten·

576 878 759 926 tatione
794 880 1150 942 supportatione
1185 882 1515 932 reformatione
1549 888 1599 933 et
1634 885 1930 949 reparatione
1965 885 2094 934 chori
2129 885 2254 935 dicte
2288 887 2498 949 parochi-

575 965 666 1015 alis
689 965 888 1015 ecclesie
912 968 999 1016 sub
1021 968 1173 1017 forma
1195 986 1286 1034 que
1309 971 1522 1035 sequitur
1558 1000 1568 1010 ·
1605 971 1746 1022 Tales
1767 973 2133 1037 composiciones
2169 1001 2179 1011 -
2218 1002 2227 1011 -
2266 1001 2276 1010 ·
2311 978 2360 1022 et
2394 990 2501 1022 eon-

577 1054 736 1102 cordie
774 1082 784 1093 ·
823 1083 833 1093 ·
873 1083 883 1093 ·
919 1056 1275 1107 interuenerunt
1311 1087 1322 1097 ·
1359 1059 1597 1109 Videlicet
1631 1062 1755 1124 quod
1788 1077 1883 1111 nos¹
1908 1077 2026 1111 onus
2059 1062 2419 1111 constructionis
2450 1067 2498 1110 et

575 1143 889 1206 reparationis
933 1144 1199 1194 huiusmodi
1246 1146 1294 1194 in
1338 1147 1474 1197 nobis
1514 1147 1730 1197 totaliter
1773 1150 2108 1213 assumpsimus
2157 1178 2167 1188 ·
2215 1150 2282 1198 Et
2329 1151 2498 1198 exinde

576 1231 818 1295 predictos
862 1233 1085 1281 abbatem
1131 1238 1180 1283 et
1226 1239 1508 1284 conuentum
1559 1236 1860 1286 liberauimus
1896 1265 1906 1275 ·
1946 1265 1956 1276 ·
1993 1265 2003 1275 ·
2039 1238 2226 1287 omnino
2272 1239 2497 1302 imperpe-

575 1324 710 1369 tuum
748 1348 758 1359 ·
797 1321 864 1370 Et
901 1321 1143 1372 viceversa
1198 1339 1284 1387 pro
1346 1323 1502 1374 oneris
1546 1324 1811 1374 huiusmodi
1849 1326 2167 1390 assumptione
2211 1331 2260 1374 et
2306 1326 2351 1375 in
2398 1327 2496 1374 eius

575 1410 1012 1474 recompensatione
1048 1411 1105 1459 de
1141 1412 1284 1461 certis
1316 1413 1600 1462 tenementis
1634 1417 1683 1462 et
1715 1414 1855 1462 terris
1877 1414 1999 1463 infra
2022 1415 2216 1477 burgum
2238 1413 2297 1463 de
2323 1415 2493 1462 Dunde

569 1498 841 1560 jacentibus
879 1498 1053 1562 prefati
1093 1498 1297 1562 religiosi
1336 1501 1472 1550 nobis
1511 1506 1842 1551 concesserunt
1879 1530 1889 1540 ·
1927 1530 1937 1540 ·
1976 1530 1986 1540 ·
2022 1518 2247 1551 summam
2293 1503 2495 1566 quinque

575 1602 841 1635 marcarum
894 1587 1038 1636 annui
1084 1588 1298 1637 redditus
1347 1589 1589 1638 annuatim
1639 1594 1779 1654 prout
1823 1591 1872 1638 in
1916 1591 2190 1654 quibusdam
2237 1591 2495 1639 indenturis

566 1691 717 1740 super
750 1677 841 1724 hoc
875 1676 1105 1726 confectis
1138 1676 1323 1740 plenius
1367 1678 1636 1726 continetur
1672 1706 1682 1716 ·
1718 1679 1926 1733 Quarum
1959 1683 2096 1727 tenor
2140 1678 2349 1742 sequitur
2386 1706 2394 1715 -
2435 1707 2444 1715 -
2484 1708 2492 1715 ·

578 1766 811 1814 Nouerint
837 1765 1042 1829 uniuersi
1066 1770 1116 1814 et
1139 1765 1308 1829 singuli
1331 1766 1454 1815 hanc
1487 1770 1752 1830 presentem
1788 1767 2084 1815 indenturam
2108 1766 2248 1815 visuri
2271 1766 2345 1813 vel
2366 1767 2496 1814 audi-

574 1855 670 1903 turi
706 1855 831 1919 quod
864 1870 973 1903 cum
1008 1854 1189 1919 pridem
1220 1861 1363 1918 super
1385 1854 1715 1903 reformatione
1737 1854 2083 1903 sustentatione
2117 1859 2166 1903 et
2200 1854 2492 1917 reparatione

574 1944 962 1993 vestimentorum
994 1943 1220 1991 librorum
1254 1941 1416 1991 calicis
1450 1942 1695 2006 palliorum
1735 1942 1890 2005 magni
1930 1941 2094 1991 altaris
2138 1946 2187 1990 et
2233 1945 2493 1991 ceterorum

575 2037 957 2082 ornamentorum
1001 2032 1052 2080 in
1096 2032 1241 2081 choro
1281 2030 1478 2080 ecclesie
1518 2030 1800 2094 parochialis
1845 2031 2019 2078 Sancte
2061 2030 2213 2078 Marie
2259 2030 2390 2091 burgi
2437 2031 2494 2076 de

575 2122 749 2170 Dunde
774 2120 1107 2170 Brechinensis
1144 2120 1359 2170 dioecesis
1381 2121 1440 2168 de
1478 2148 1488 2156 -
1529 2147 1538 2157 ·
1577 2147 1587 2156 ·
1623 2119 1811 2167 domino
1832 2119 1866 2166 J
1869 2119 2017 2167 aeobc
2051 2119 2109 2167 de
2139 2119 2292 2181 Rossy
2324 2118 2493 2166 abbate

574 2210 851 2260 monasterii
873 2211 933 2258 de
959 2209 1193 2258 Lundoris
1217 2208 1556 2256 Sanctiandree
1594 2207 1810 2255 dioecesis
1846 2210 1895 2255 et
1929 2206 2136 2255 eiusdem
2170 2205 2261 2254 loci
2293 2220 2492 2255 conuen-

573 2305 629 2348 tu
652 2300 732 2365 qui
755 2302 966 2348 rectores
989 2297 1114 2346 dicte
1136 2295 1419 2361 parochialis
1441 2295 1639 2344 ecclesie
1668 2295 1881 2343 existunt
1915 2299 1965 2342 et
1999 2293 2180 2342 fructus
2201 2294 2406 2342 eiusdem
2432 2295 2491 2340 ad

575 2393 785 2438 rectores
806 2390 1080 2451 spectantes
1102 2385 1367 2449 percipiunt
1400 2400 1484 2448 per
1517 2382 1813 2432 honorabiles
1846 2382 1969 2431 viros
2003 2382 2254 2444 burgenses
2281 2381 2493 2430 consules

577 2482 627 2526 et
645 2476 1032 2526 communitatem
1053 2474 1170 2522 dicti
1189 2473 1322 2535 burgi
1341 2473 1398 2520 de
1418 2472 1589 2520 Dunde
1608 2486 1764 2519 coram
1791 2498 1801 2509 ·
1840 2499 1850 2509 ·
1889 2498 1899 2508 ·
1926 2470 2112 2519 domino
2128 2470 2162 2517 J
2165 2469 2345 2518 ohanne
2383 2498 2392 2507 ·
2432 2497 2441 2506 ·
2481 2498 2489 2506 ·

575 2567 799 2630 episcopo
824 2563 1132 2613 Brechinensi
1153 2566 1204 2611 et
1228 2562 1328 2610 eius
1351 2559 1625 2609 officialibus
1658 2563 1708 2607 et
1743 2558 1967 2607 ministris
1989 2557 2190 2606 officium
2213 2557 2493 2605 visitationis

577 2656 703 2720 apud
728 2655 925 2703 eandem
951 2651 1195 2702 ecclesiam
1222 2649 1415 2712 singulis
1437 2650 1572 2696 annis
1598 2647 1974 2711 impendentibus
1996 2647 2213 2710 frequens
2236 2647 2284 2692 et
2307 2645 2494 2694 assidua

578 2743 770 2809 querela
808 2742 1026 2806 deposita
1067 2743 1170 2788 erat
1207 2767 1218 2777 ·
1254 2738 1400 2786 Cuius
1439 2736 1681 2785 occasione
1715 2751 1807 2783 non
1843 2738 2028 2782 tantum
2064 2733 2179 2781 dicti
2217 2733 2395 2781 fructus
2430 2734 2490 2780 ad

575 2833 817 2898 predictos
839 2830 1082 2893 religiosos
1104 2832 1312 2876 rectores
1329 2829 1598 2890 spectantes
1614 2823 1855 2887 sepissime
1873 2825 2007 2870 erant
2031 2820 2312 2884 sequestrati
2334 2835 2490 2868 verum

577 2923 723 2971 etiam
765 2919 997 2969 discordie
1035 2945 1045 2955 ·
1084 2945 1094 2955 ·
1132 2944 1143 2955 ·
1178 2913 1480 2978 complurime
1521 2912 1645 2960 inter
1676 2910 1883 2974 prefatos
1919 2936 1930 2947 ·
1967 2936 1978 2947 ·
2016 2937 2026 2946 -
2063 2912 2270 2956 rectores
2303 2911 2352 2955 et
2386 2907 2491 2954 bur·

576 3026 745 3075 genses
781 3038 791 3047 ·
827 3037 837 3047 ·
876 3036 887 3046 ·
923 3007 1194 3070 frequenter
1215 3002 1371 3051 exorti
1388 3002 1573 3049 fuerant
1611 3027 1620 3037 ·
1657 2998 1866 3061 Cumque
1901 3024 1911 3035 ·
1951 3024 1960 3034 ·
2000 3023 2011 3034 ·
2047 2994 2490 3043 communicationes

582 3129 591 3140 -
631 3129 642 3138 -
682 3127 691 3138 ·
728 3098 914 3145 diuerse
953 3095 1079 3142 inter
1111 3090 1461 3156 prenominatos
1496 3115 1507 3125 ·
1546 3115 1556 3125 ·
1595 3114 1606 3124 ·
1642 3102 1726 3150 per
1758 3084 1915 3149 plures
1936 3099 2083 3132 annos
2105 3083 2280 3146 absque
2305 3097 2492 3131 concor-

581 3189 660 3236 dia
682 3186 992 3251 perdurarent
1029 3209 1040 3219 ·
1077 3180 1287 3228 Tandem
1323 3175 1657 3225 conuenientes
1689 3174 1739 3221 in
1773 3189 1915 3221 unum
1949 3173 2010 3220 ad
2044 3170 2232 3235 querele
2263 3170 2493 3234 predicte-

581 3292 671 3342 que
699 3271 930 3322 discordie
953 3268 1243 3319 sedationem
1282 3293 1292 3304 ·
1331 3292 1341 3302 ·
1379 3291 1390 3302 ·
1424 3263 1510 3312 sub
1534 3263 1683 3310 forma
1701 3276 1790 3325 que
1813 3259 2024 3324 sequitur
2061 3286 2071 3297 ·
2108 3257 2247 3307 Tales
2269 3258 2495 3320 composi-
