2950 3970
524 631 636 686 190
700 628 1161 685 REGISTRUM
1199 629 1734 688 EPISCOPATUS
1774 630 2360 687 BRECHINENSIS.

522 823 575 867 t'o
613 834 720 866 cum
756 845 767 858 ·
805 819 910 873 Qua
943 818 1154 881 perlecta
1187 818 1398 882 prefatus
1435 819 1470 865 J
1473 818 1682 866 ohannes
1721 819 1922 867 asseruit
1968 820 2094 883 quod
2134 819 2314 867 dictum
2355 819 2448 865 iter

525 907 784 955 camerarie
806 906 897 954 fuit
919 906 1126 970 positum
1164 910 1213 954 et
1250 905 1591 969 proclamatum
1627 906 1816 955 nomine
1851 911 1901 955 et
1936 923 1999 955 ex
2032 911 2168 971 parte
2203 907 2354 971 ipsius
2389 907 2447 954 de

523 996 748 1045 mandato
784 995 900 1043 dicti
935 994 1130 1042 Domini
1168 994 1392 1057 Episcopi
1430 1022 1440 1031 -
1478 995 1544 1042 Et
1579 994 1627 1042 in
1662 995 1830 1042 eodem
1863 994 2032 1043 itinere
2054 995 2244 1043 fuerunt
2267 994 2450 1058 singula

523 1084 789 1147 peragenda
811 1083 989 1130 dictum
1017 1081 1276 1130 Dominum
1303 1081 1592 1146 Episcopum
1618 1086 1666 1130 et
1690 1098 1823 1130 suam
1851 1081 2115 1131 Ecclesiam
2154 1082 2203 1129 in
2237 1082 2377 1129 feodo
2402 1085 2451 1128 et

519 1171 785 1219 hereditate
821 1171 1155 1218 concernentia
1177 1175 1294 1234 puta
1316 1171 1646 1234 purpresiones
1680 1171 2053 1220 communitatis·
2074 1170 2201 1218 dicte
2237 1169 2451 1218 ciuitatis

520 1260 647 1307 facte
675 1274 815 1322 super
849 1259 1083 1306 communi
1118 1259 1194 1306 via
1228 1259 1554 1307 obturationes
1587 1258 1873 1307 venellarum
1910 1262 1959 1306 et
1995 1258 2180 1307 diversa
2202 1257 2298 1306 alia
2336 1286 2346 1295 ·
2384 1257 2450 1304 Et

521 1348 652 1395 curia
673 1363 768 1395 non
790 1347 955 1395 fuisset
978 1346 1213 1409 legittima
1235 1347 1275 1396 si
1299 1347 1466 1396 fuisset
1490 1351 1659 1395 vocata
1693 1352 1742 1396 et
1777 1346 2071 1410 proclamata
2104 1363 2190 1411 per
2223 1361 2369 1394 unum
2404 1352 2453 1395 et

521 1437 756 1484 affirmata
793 1451 878 1484 seu
921 1440 1058 1484 tenta
1097 1451 1182 1499 per
1221 1435 1423 1484 alterum
1464 1451 1523 1483 ne
1563 1439 1724 1498 partes
1770 1451 1912 1499 super
1955 1435 2225 1483 huiusmodi
2272 1435 2455 1483 iniuriis

523 1524 883 1588 calumpniande
935 1528 984 1572 et
1035 1525 1357 1587 prosequende
1409 1527 1576 1572 contra
1625 1523 1887 1587 predictam
1941 1524 2118 1572 curiam
2179 1523 2455 1586 exciperent

524 1613 706 1668 Quibus
729 1612 869 1660 dictis
892 1616 942 1659 et
966 1612 1180 1659 recitatis
1202 1611 1414 1674 prefatus
1445 1611 1480 1658 J
1483 1612 1693 1660 ohannes
1716 1611 2015 1660 Schoriswod
2040 1611 2228 1659 voca-uit
2251 1611 2456 1660 balliuos

523 1702 646 1749 dicte
670 1701 881 1749 ciuitatis
903 1701 964 1748 ad
990 1701 1358 1764 presentandum
1394 1700 1482 1748 sibi
1518 1704 1792 1763 preceptum
1815 1701 1876 1748 ab
1900 1716 1957 1748 eo
1981 1700 2214 1748 directum
2248 1699 2455 1762 legitime

523 1793 775 1838 executum
800 1789 968 1852 quibus
991 1804 1102 1836 vero
1126 1787 1314 1837 balliuis
1337 1803 1442 1836 cum
1481 1788 1609 1835 dicto
1645 1792 1870 1851 precepto
1893 1788 2274 1851 comparentibus
2296 1803 2456 1851 supra?

524 1878 728 1941 scriptus
765 1876 926 1925 Dauid
967 1876 1093 1924 dixit
1134 1877 1258 1939 quod
1299 1891 1391 1924 non
1432 1875 1579 1924 voluit
1619 1875 1841 1924 tollerare
1877 1891 1958 1924 eos
1981 1877 2042 1924 ad
2065 1875 2330 1924 huiusmodi
2365 1878 2458 1924 iter

525 1966 783 2014 camerarie
807 1965 1007 2013 ulterius
1030 1964 1078 2012 in
1102 1963 1262 2028 aliquo
1285 1965 1541 2028 procedere
1578 1963 1670 2012 nisi
1706 1965 2019 2012 affirmaretur
2054 1963 2242 2012 nomine
2281 1980 2366 2013 suo
2404 1970 2456 2012 ut

526 2070 670 2117 supra
706 2089 716 2099 .
754 2053 820 2101 Et
857 2054 948 2101 hoc
984 2052 1187 2116 predicti
1209 2052 1455 2100 camerarii
1491 2051 1648 2100 facere
1685 2051 1935 2100 noluerunt
1975 2080 1984 2090 ·
2021 2052 2088 2100 Et
2125 2053 2193 2100 sic
2231 2053 2358 2116 ipsos
2397 2055 2458 2100 ad

525 2144 779 2190 tenendum
797 2142 976 2190 dictum
995 2140 1088 2188 iter
1103 2139 1295 2188 realiter
1307 2139 1555 2203 impediuit
1582 2168 1591 2177 ·
1617 2140 1769 2203 Super
1783 2139 1954 2203 quibus
1968 2140 2183 2188 omnibus
2197 2144 2246 2188 et
2263 2140 2457 2204 singulis

526 2232 766 2294 predictus
783 2231 816 2277 J
820 2230 1030 2277 ohannes
1053 2228 1351 2276 Schoriswod
1370 2244 1400 2275 a
1418 2228 1554 2278 nobis
1571 2228 1769 2276 notariis
1787 2227 1988 2291 publicis
2006 2229 2339 2292 suprascriptis
2357 2230 2457 2277 fieri

527 2319 666 2382 petiit
702 2318 941 2381 publicum
976 2317 1343 2366 instrumentum
1382 2344 1392 2354 -
1429 2317 1557 2365 Acta
1594 2318 1785 2364 fuerunt
1825 2317 1914 2365 hec
1954 2317 2002 2364 in
2045 2316 2151 2365 loco
2191 2318 2458 2382 subscripto

527 2409 645 2455 hora
695 2406 945 2454 undecima
997 2408 1108 2453 ante
1160 2404 1403 2452 meridiem
1443 2405 1518 2452 vel
1564 2405 1748 2453 eocirca
1785 2433 1795 2441 ·
1835 2433 1844 2441 ·
1883 2432 1893 2442 ·
1930 2406 2225 2468 presentibus
2285 2407 2457 2454 ibidem

531 2494 875 2543 venerabilibus
923 2497 972 2540 et
1019 2492 1374 2556 circumspectis
1422 2493 1531 2541 viris
1579 2494 1823 2555 Magistris
1868 2494 1902 2540 J
1906 2494 2088 2542 ohanne
2124 2495 2182 2541 de
2220 2495 2457 2558 Spaldyne

530 2585 709 2630 decano
747 2580 1055 2629 Brechinensi
1089 2580 1123 2626 J
1128 2581 1313 2628 ohanne
1350 2580 1597 2628 Wilhelmi
1632 2581 1819 2629 officiali
1856 2582 2063 2629 eiusdem
2099 2586 2148 2630 et
2185 2583 2366 2631 Thoma
2401 2585 2459 2630 de

533 2672 714 2719 Guthre
739 2671 787 2717 in
811 2670 994 2718 artibus
1019 2668 1251 2730 Magistro
1292 2668 1326 2714 J
1330 2669 1514 2718 ohanne
1539 2669 1596 2716 de
1623 2670 1912 2732 Buttcrgask
1951 2670 2008 2716 de
2046 2670 2211 2718 eodem
2251 2671 2459 2718 Ricardo

534 2759 763 2807 Willelmi
787 2763 836 2806 et
861 2757 1061 2805 diuersis
1083 2756 1190 2804 aliis
1212 2757 1416 2804 testibus
1452 2784 1462 2794 ·
1502 2785 1512 2794 ·

602 2848 667 2894 Et
692 2862 778 2909 ego
800 2847 834 2892 J
837 2845 1046 2894 ohannes
1071 2845 1147 2907 Gy
1170 2845 1417 2907 presbyter
1442 2844 1774 2894 Brechinensis
1797 2845 2013 2894 dioecesis
2035 2845 2250 2907 publicus
2284 2848 2460 2894 autori-

535 2939 637 2982 tate
673 2933 904 2997 imperiali
939 2932 1152 2980 notarius
1188 2961 1197 2969 -
1237 2961 1247 2970 ·
1287 2961 1297 2970 ·

604 3024 670 3071 Et
705 3038 790 3085 ego
825 3022 859 3068 J
862 3021 1037 3069 acobus
1075 3020 1212 3068 Steill
1249 3021 1482 3084 presbiter
1506 3021 1844 3069 Sanctiandree
1882 3021 2097 3070 dioecesis
2133 3021 2348 3084 publicus
2382 3040 2463 3071 au-

538 3108 987 3172 toritate-imperiali
1010 3108 1221 3165 notarius
1258 3137 1268 3145 ·
1307 3137 1316 3146 ·
1355 3136 1366 3147 -
