2950 3970
472 621 543 678 '78
623 622 1087 678 REGISTRUM
1125 621 1664 678 EPISCOPATUS
1705 624 2297 681 BRECHINENSIS.

471 809 603 858 vobis
640 814 690 858 et
724 811 933 874 capitulo
971 812 1030 859 de
1066 810 1224 874 aliqua
1261 814 1398 873 parte
1437 811 1564 859 dicte
1595 826 1775 859 summe
1798 812 2086 861 satisfaciam
2124 841 2134 851 ·
2171 814 2265 869 Qui
2291 830 2400 862 vero

471 898 720 962 episcopus
744 899 1059 963 respondebat
1084 899 1209 962 quod
1233 897 1392 946 omnia
1415 913 1506 961 que
1528 898 1674 946 habes
1697 914 1790 946 non
1814 903 2010 963 possunt
2034 901 2170 949 nobis
2193 905 2242 949 et
2273 902 2401 965 capi-

471 985 573 1034 tulo
612 991 776 1035 nostro
822 987 1096 1036 satisfacere
1141 1002 1227 1050 pro
1278 985 1503 1049 pensione
1549 986 1685 1034 nobis
1726 987 1888 1035 debita
1924 1015 1935 1025 ·
1971 987 2300 1052 Interrogatus
2340 991 2399 1037 de

468 1089 592 1122 nono
616 1074 816 1123 articulo
854 1079 903 1123 et
939 1075 1123 1123 decimo
1155 1074 1279 1122 dixit
1315 1074 1441 1137 quod
1475 1073 1622 1122 nichil
1645 1074 1736 1123 scit
1774 1102 1784 1112 ·
1822 1075 2148 1139 Interrogatus
2172 1078 2230 1125 de
2254 1079 2400 1126 unde-

470 1163 592 1211 cimo
615 1163 818 1212 articulo
853 1163 1095 1227 respondit
1121 1163 1245 1226 quod
1281 1163 1372 1210 fuit
1410 1177 1704 1211 commorans
1741 1177 1848 1210 cum
1885 1164 2100 1227 predicto
2123 1164 2398 1214 vicecomite

466 1252 653 1314 quando
678 1252 778 1315 ipse
804 1252 1064 1300 vicecomes
1087 1250 1306 1299 veniebat
1329 1254 1538 1299 tractare
1558 1265 1663 1298 cum
1685 1250 1904 1299 Waltero
1928 1252 2154 1300 Forestar
2176 1253 2397 1316 episcopo

467 1340 775 1388 Brechinensi
815 1357 901 1404 pro
943 1341 1072 1388 dicta
1114 1339 1338 1403 pensione
1378 1367 1387 1377 ·
1426 1339 1491 1387 Et
1535 1339 1691 1403 dictus
1729 1339 1994 1388 vicecomes
2026 1341 2325 1404 pernoctauit
2349 1342 2396 1389 in

472 1428 707 1477 Fernwell
731 1444 837 1477 cum
862 1428 991 1477 dicto
1016 1428 1204 1476 domino
1243 1427 1465 1491 episcopo
1503 1455 1513 1466 ·
1550 1426 1611 1475 In
1646 1427 1828 1490 signum
1867 1429 2000 1477 cuius
2029 1428 2111 1477 illa
2133 1434 2273 1478 nocte
2299 1431 2398 1478 Ra-

462 1521 599 1565 tones
640 1518 864 1565 roderunt
905 1521 954 1564 et
994 1516 1324 1565 lacerauerunt
1369 1531 1532 1564 ocreas
1573 1515 1690 1564 dicti
1726 1516 1902 1564 domini
1937 1516 2228 1566 vicecomitis
2261 1522 2311 1566 et
2346 1519 2394 1566 in

462 1606 669 1654 crastino
705 1606 860 1653 dictus
892 1606 1153 1653 vicecomes
1194 1620 1299 1652 cum
1334 1604 1521 1668 prefato
1559 1603 1748 1652 domino
1772 1604 1994 1668 episcopo
2026 1606 2245 1654 veniebat
2269 1609 2392 1670 apud

465 1694 668 1742 Brechin
703 1694 763 1742 ad
799 1693 1057 1757 capitulum
1096 1722 1106 1730 ·
1144 1693 1470 1755 Interrogatus
1509 1693 1566 1739 de
1606 1692 1883 1741 duodecimo
1907 1692 2109 1741 articulo
2149 1696 2392 1758 respondit

459 1781 738 1829 affirmatiue
775 1785 824 1830 et
859 1782 983 1845 quod
1024 1781 1115 1829 fuit
1155 1796 1348 1844 presens
1390 1796 1496 1828 cum
1538 1781 1668 1828 dicto
1692 1781 1881 1830 domino
1907 1782 2179 1831 vicecomite
2204 1786 2392 1847 quando

458 1870 673 1932 promisit
709 1873 986 1918 contentare
1033 1869 1273 1917 dominum
1320 1869 1590 1932 episcopum
1626 1872 1675 1916 et
1707 1869 1966 1932 capitulum
2006 1898 2016 1908 -
2055 1871 2121 1919 Et
2168 1872 2262 1921 ista
2306 1888 2392 1935 per

458 1974 594 2006 suum
612 1958 934 2019 juramentum
958 1958 1081 2006 dixit
1120 1985 1130 1995 ·
1170 1985 1180 1995 ·
1219 1985 1229 1995 ·

510 2047 575 2094 Et
591 2062 676 2109 ego
693 2045 967 2094 Alexander
982 2045 1159 2094 Thome
1175 2046 1233 2092 de
1251 2045 1564 2107 Kyndrochat
1579 2045 1810 2108 presbiter
1827 2046 2158 2096 Brechinensis
2173 2049 2387 2099 dioecesis

454 2134 669 2198 publicus
692 2134 924 2198 imperiali
961 2134 1220 2182 autoritate
1261 2133 1475 2182 notarius
1514 2134 1831 2196 predictorum
1859 2135 2053 2183 testium
2083 2136 2388 2188 citationibus

453 2239 706 2287 eorumque
729 2222 1055 2271 vocationibus
1078 2227 1127 2271 et
1144 2222 1429 2285 juramentis
1451 2237 1539 2268 nec
1553 2238 1646 2269 non
1663 2237 1824 2269 eorum
1847 2222 2148 2285 singulariter
2162 2228 2212 2273 et
2228 2226 2386 2290 singil-

451 2313 586 2362 latim
612 2312 983 2378 depositionibus
1007 2311 1340 2375 suprascriptis
1358 2326 1414 2358 ac
1430 2311 1644 2358 omnibus
1667 2310 1774 2359 aliis
1797 2314 1847 2358 et
1870 2310 2065 2374 singulis
2079 2312 2271 2362 interfui
2297 2343 2308 2352 -
2335 2344 2345 2353 ·
2373 2342 2382 2352 ·

452 2403 517 2449 Et
565 2419 650 2465 ego
700 2401 926 2466 Fynlaius
972 2401 1230 2464 Dempster
1274 2399 1474 2447 clericus
1514 2398 1865 2447 Dunkeldensis
1907 2399 2124 2449 dioecesis
2169 2401 2385 2465 publicus

452 2490 714 2553 apostolica
736 2490 996 2538 autoritate
1034 2517 1044 2527 ·
1083 2516 1094 2527 ·
1133 2516 1143 2526 -
1182 2489 1248 2535 Et
1271 2504 1358 2550 ego
1383 2487 1619 2536 Patricius
1658 2486 1876 2535 Nicholai
1899 2487 2132 2551 presbiter
2155 2490 2384 2540 Brechin-

448 2579 574 2628 ensis
610 2607 620 2616 ·
659 2607 669 2617 ·
709 2607 719 2616 -
755 2578 1012 2626 autoritate
1031 2576 1264 2641 imperiali
1277 2576 1490 2625 notarius
1526 2603 1537 2614 ·
1579 2604 1588 2614 ·
1626 2603 1637 2614 ·
1675 2575 1741 2624 Et
1760 2590 1844 2639 ego
1864 2576 2102 2625 Robertus
2123 2578 2380 2641 Wyschart

446 2672 602 2716 rector
641 2669 698 2715 de
739 2667 983 2716 Cokstoun
1017 2666 1168 2728 judex
1219 2665 1505 2714 substitutus
1542 2664 1788 2712 reuerendi
1826 2664 1872 2710 in
1907 2663 2063 2712 Cristo
2101 2666 2251 2728 patris
2293 2668 2380 2716 Jo-

445 2757 614 2805 hannis
658 2756 866 2819 episcopi
906 2754 1244 2803 Brechinensis
1284 2754 1332 2801 in
1373 2768 1517 2801 causa
1555 2752 1771 2816 predicta
1809 2756 1995 2800 tantum
2034 2780 2044 2790 ·
2081 2753 2149 2802 Et
2186 2755 2296 2817 quia
2331 2756 2378 2803 in

449 2846 664 2893 omnibus
688 2849 736 2893 et
761 2844 954 2907 singulis
978 2843 1308 2907 suprascriptis
1341 2856 1535 2906 presens
1569 2844 1618 2888 et
1653 2844 1879 2903 tanquam
1911 2840 2063 2901 judex
2094 2841 2378 2892 substitutus

443 2934 635 2981 interfui
673 2962 682 2970 -
722 2933 885 2996 anue
932 2932 1088 2979 omnia
1123 2935 1171 2979 et
1207 2930 1390 2993 singula
1423 2929 1690 2992 subscripta
1723 2928 1842 2977 sciui
1886 2928 1982 2976 vidi
2028 2933 2078 2976 et
2123 2931 2284 2978 audiui
2325 2938 2375 2980 ut

443 3022 796 3086 prescribuntur
829 3049 839 3058 ·
877 3021 995 3068 Ideo
1029 3021 1119 3067 hoc
1157 3035 1350 3083 presens
1378 3018 1604 3080 scriptum
1627 3016 1836 3064 clausum
1874 3015 2027 3079 sigillo
2065 3017 2256 3066 disereti
2288 3020 2374 3067 viri

442 3110 655 3173 magistri
681 3108 887 3156 Walteri
913 3109 1163 3171 Lychtoun
1200 3123 1286 3172 per
1322 3122 1396 3154 me
1435 3122 1541 3153 cum
1569 3104 1803 3152 instancia
1826 3104 1874 3151 in
1897 3106 2142 3167 presencia
2175 3107 2373 3156 honora-

438 3198 601 3245 bilium
641 3201 689 3244 et
726 3195 953 3244 nobilium
995 3196 1201 3243 virorum
1228 3194 1459 3242 Willehni
1499 3192 1700 3241 Dolesse
1724 3196 1774 3240 et
1795 3192 1830 3238 J
1835 3193 2032 3241 ohannis
2069 3194 2227 3242 Bouer
2267 3213 2374 3259 pro-

436 3290 600 3334 curato
623 3284 826 3347 sigillaui
855 3284 903 3331 in
928 3284 1144 3331 absentia
1167 3282 1308 3345 sigilli
1335 3282 1428 3330 mei
1466 3309 1476 3319 ·
1512 3282 1654 3344 Apud
1679 3280 1883 3328 Brechin
1919 3285 1968 3329 et
2002 3282 2192 3345 propria
2231 3300 2369 3333 manu

432 3374 599 3438 scripsi
623 3373 807 3421 decima
829 3371 904 3419 die
931 3371 1177 3419 Februarii
1201 3387 1324 3422 anno
1347 3369 1667 3433 suprascripto
1693 3372 1867 3417 xxxv‘0·
