2950 3970
481 644 550 697 68
629 639 1093 696 REGISTRUM
1131 640 1672 697 EPISCOPATUS
1713 640 2308 698 BRECHINENSIS.

480 833 567 879 dus
589 834 727 894 pater
762 846 897 878 suum
932 829 1135 893 sigillum
1159 829 1452 878 autenticum
1493 858 1503 867 ·
1542 829 1608 876 Et
1638 829 1874 893 prefatum
1910 831 2169 894 capitulum
2204 830 2409 894 sigillum

479 935 724 967 commune
747 918 1045 982 presentibus
1069 918 1272 982 appendi
1295 918 1510 965 fecerunt
1549 946 1558 955 -
1598 918 1663 965 Et
1701 933 1787 981 ego
1823 918 1858 964 J
1861 918 2070 968 ohannes
2094 919 2237 967 Ydile
2277 919 2412 967 cleri-

479 1024 562 1056 cus
600 1007 942 1056 Sanctiandree
980 1007 1196 1056 dioecesis
1234 1005 1450 1070 publicus
1492 1006 1753 1053 autoritate
1794 1005 2025 1069 imperiali
2061 1008 2274 1056 notarius
2308 1023 2414 1070 pre·

480 1096 620 1144 dictis
643 1095 892 1144 assertioni
917 1095 1251 1143 conuocacioni
1275 1094 1610 1142 deliberacioni
1635 1093 1922 1142 conclusioni
1948 1100 1996 1143 et
2020 1101 2203 1144 statuto
2222 1097 2414 1144 ceteris-

481 1202 570 1248 que
595 1185 835 1247 premissis
858 1184 1074 1232 omnibus
1111 1188 1160 1232 et
1198 1183 1392 1246 singulis
1416 1184 1526 1230 dum
1562 1182 1631 1231 sic
1666 1186 1718 1230 ut
1754 1183 2047 1246 premittitur
2069 1190 2321 1247 agerentur
2346 1184 2415 1230 di-

482 1278 699 1321 cerentur
744 1277 793 1320 et
838 1273 1004 1320 fierent
1050 1288 1250 1320 unacum
1296 1271 1636 1335 prenominatis
1681 1270 1885 1319 testibus
1931 1287 2125 1335 presens
2173 1273 2365 1320 interfui
2404 1301 2413 1309 ·

484 1363 648 1426 anue
688 1362 756 1410 sic
793 1362 893 1409 fieri
931 1361 1026 1409 vidi
1064 1365 1113 1409 et
1151 1361 1311 1409 audiui
1350 1364 1399 1408 et
1438 1359 1486 1406 in
1524 1363 1687 1407 notam
1726 1359 1883 1422 recepi
1908 1376 1969 1407 ex
1994 1377 2088 1424 qua
2109 1361 2199 1408 hoc
2223 1376 2416 1424 presens

482 1451 719 1514 publicum
743 1451 1106 1499 instrumentum
1130 1449 1287 1498 aliena
1310 1465 1451 1497 manu
1475 1448 1702 1511 scriptum
1727 1464 1801 1494 me
1826 1448 1903 1495 hic
1926 1449 2117 1512 propria
2141 1465 2282 1496 manu
2307 1449 2415 1497 sub-

482 1541 728 1589 scribendo
751 1540 941 1588 extraxi
963 1540 1105 1603 idque
1129 1540 1261 1601 signo
1285 1543 1334 1586 et
1358 1537 1546 1585 nomine
1570 1536 1688 1584 meis
1711 1535 1864 1584 solitis
1888 1540 1937 1584 et
1965 1537 2204 1585 consuetis
2230 1537 2413 1600 signaui

484 1633 674 1692 rogatus
697 1633 746 1676 et
770 1628 1023 1692 requisitus
1045 1627 1094 1674 in
1117 1625 1438 1675 testimonium
1462 1625 1679 1673 veritatis
1698 1624 1904 1672 omnium
1928 1625 2260 1688 premissorum
2299 1654 2309 1662 ·

487 1830 614 1877 Unio
639 1828 820 1893 capelle
846 1829 953 1876 diue
980 1828 1133 1875 Marie
1162 1826 1446 1889 Magdalene
1485 1853 1495 1863 ·

395 1991 460 2036 46
495 1951 574 2031 In
598 1983 691 2031 Dei
725 1982 912 2031 nomine
946 1983 1099 2029 Amen
1138 2008 1147 2018 ·
1187 1981 1332 2029 Anno
1367 1980 1722 2029 Incarnacionis
1750 1980 2000 2028 Dominice
2031 1979 2279 2029 millesimo
2304 1998 2417 2044 qua-

487 2071 852 2135 dringentesimo
887 2070 1128 2119 tricesimo
1165 2069 1331 2133 quinto
1367 2069 1542 2118 mensis
1579 2085 1689 2117 vero
1727 2068 1931 2131 Augusti
1972 2068 2048 2116 die
2089 2069 2367 2117 duodecima
2404 2098 2413 2107 ·

487 2160 755 2208 Indictione
792 2159 976 2207 decima
1009 2158 1162 2206 tercia
1195 2157 1499 2222 pontificatus
1536 2185 1546 2195 ·
1585 2186 1595 2195 ·
1634 2186 1644 2195 ·
1681 2157 1858 2205 domini
1901 2157 2102 2220 Eugenii
2139 2186 2150 2196 ·
2189 2186 2200 2196 ·
2238 2186 2248 2195 ·
2287 2159 2416 2222 Pape

486 2250 641 2314 quarti
694 2265 818 2296 anno
871 2247 1035 2312 quinto
1073 2276 1083 2285 ·
1121 2247 1180 2294 In
1230 2246 1323 2294 mei
1373 2246 1547 2294 notarii
1586 2274 1596 2283 ·
1635 2274 1645 2284 ·
1685 2274 1695 2284 ·
1730 2246 1976 2310 presencia
2030 2247 2316 2295 reuerendus
2367 2248 2415 2294 in

487 2338 644 2386 Cristo
678 2342 816 2400 pater
849 2340 898 2384 et
934 2335 1149 2384 dominus
1183 2335 1217 2382 J
1222 2335 1430 2383 ohannes
1467 2362 1477 2372 ·
1517 2363 1527 2372 ·
1566 2363 1576 2372 ·
1613 2334 1861 2398 episcopus
1902 2335 2232 2384 Brechinensis
2269 2364 2279 2374 ·
2318 2337 2418 2384 Nec

485 2443 579 2474 non
602 2425 893 2474 venerabiles
911 2429 959 2472 et
978 2423 1305 2487 circumspecti
1323 2424 1410 2470 viri
1429 2423 1652 2486 magister
1676 2423 1966 2471 Cuthbertus
1990 2424 2195 2472 decanus
2218 2424 2417 2473 ecclesie

488 2514 820 2563 Brechinensis
843 2517 892 2561 ct
916 2513 1132 2560 dominus
1157 2511 1400 2560 Gilbertus
1423 2515 1673 2575 precentor
1705 2527 1763 2559 ac
1797 2511 1879 2558 alii
1915 2512 2128 2559 canonici
2152 2517 2202 2561 et
2225 2514 2420 2576 preben-

487 2603 606 2652 darii
642 2602 841 2651 ecclesie
866 2601 1078 2665 predicte
1113 2601 1162 2648 in
1197 2601 1336 2648 domo
1371 2599 1621 2663 capitulari
1657 2600 1866 2648 eiusdem
1902 2605 2224 2649 conuenerunt
2257 2630 2268 2639 ·
2306 2603 2418 2657 Qui-

488 2693 674 2756 quidem
694 2693 899 2739 decanus
916 2690 1117 2739 asseruit
1132 2705 1182 2738 se
1207 2705 1269 2736 ex
1287 2689 1583 2737 ordinatione
1607 2687 1802 2751 capituli
1828 2688 2161 2737 Brechinensis
2180 2690 2419 2739 universos

487 2786 536 2829 et
555 2780 760 2843 singulos
783 2779 1034 2827 canonicos
1071 2806 1080 2815 ·
1120 2806 1130 2815 ·
1169 2805 1179 2815 ·
1215 2776 1488 2840 singillatim
1513 2777 1561 2823 in
1585 2776 1682 2824 suis
1706 2775 1859 2824 stallis
1881 2793 1966 2840 per
1984 2778 2295 2840 quadraginta
2318 2780 2419 2828 dies

487 2870 546 2917 ab
571 2873 682 2916 ante
706 2868 936 2930 legittime
961 2867 1134 2915 citasse
1157 2867 1219 2913 ad
1243 2865 1606 2929 comparendum
1646 2865 1694 2912 in
1730 2865 1937 2928 capitulo
1971 2866 2187 2928 predicto
2221 2868 2281 2914 ad
2306 2869 2420 2916 duo-

489 2957 721 3005 decimum
747 2956 870 3003 diem
897 2954 1100 3017 Augusti
1123 2957 1422 3018 prenotatum
1448 2954 1508 3000 ad
1533 2953 1809 3001 auisandum
1848 2980 1858 2990 ·
1897 2981 1907 2990 ·
1947 2981 1956 2991 ·
1993 2957 2043 3001 et
2066 2957 2368 3004 statuendum
2406 2986 2416 2995 -

487 3062 628 3109 super
665 3044 808 3092 certis
846 3043 1056 3091 materiis
1092 3043 1316 3090 honorem
1354 3041 1649 3089 commodum
1688 3044 1737 3088 et
1775 3040 2031 3089 utilitatem
2070 3043 2196 3090 dicte
2221 3044 2418 3094 ecclesie

488 3132 773 3181 cathedralis
810 3130 1201 3179 concernentibus
1238 3157 1248 3167 ·
1286 3130 1352 3177 Et
1390 3128 1660 3192 specialiter
1696 3145 1837 3192 super
1873 3145 1966 3177 una
2002 3131 2201 3179 materia
2236 3132 2313 3180 hic
2351 3134 2421 3181 in-

486 3221 632 3268 ferius
655 3221 833 3268 inserta
871 3246 880 3256 ·
917 3218 1007 3265 Cui
1030 3233 1141 3266 vero
1163 3217 1414 3266 assertioni
1437 3217 1584 3280 ipsius
1617 3217 1782 3265 decani
1818 3221 1918 3265 tam
1957 3219 2112 3268 dictus
2135 3225 2419 3272 reuerendus

487 3313 624 3373 pater
647 3323 786 3371 quam
825 3306 974 3354 eciam
1013 3305 1095 3354 alii
1132 3305 1347 3354 canonici
1369 3304 1568 3353 ecclesie
1591 3305 1804 3369 predicte
1827 3321 1884 3354 ac
1906 3307 1940 3354 J
1945 3307 2153 3357 ohannes
2177 3310 2315 3358 Steill
2338 3328 2420 3360 no-
