2950 3970
519 679 556 731 4
692 680 1156 735 REGISTRUM
1195 681 1734 738 EPISCOPATUS
1776 683 2366 739 BRECHINENSIS.

522 867 787 915 hereditate
815 896 824 905 ·
850 885 934 932 per
957 873 1113 917 rectas
1137 869 1313 917 diuisas
1336 886 1445 918 suas
1472 899 1480 907 ·
1507 875 1556 918 et
1591 886 1696 918 cum
1733 872 1947 920 omnibus
1986 872 2124 920 iustis
2154 870 2453 934 pertinentiis

525 956 623 1004 suis
653 956 735 1003 -in
770 957 912 1005 bosco
947 960 996 1004 et
1031 956 1172 1020 plano
1199 985 1209 995 ·
1235 957 1283 1004 in
1320 958 1462 1007 terris
1497 963 1546 1006 et
1582 960 1718 1023 aquis
1755 988 1765 998 ·
1802 961 1850 1007 in
1888 961 2038 1024 pratis
2072 965 2121 1008 et
2159 960 2347 1023 pascuis
2373 987 2382 996 ·
2407 960 2454 1005 in

526 1045 668 1093 moris
707 1049 756 1092 et
788 1045 1001 1094 maresiis
1027 1074 1036 1083 ·
1061 1046 1109 1092 in
1134 1046 1313 1108 stagnis
1336 1050 1385 1094 et
1419 1046 1699 1096 molendinis
1726 1076 1735 1085 ·
1761 1064 1866 1095 cum
1890 1027 2029 1096 socco
2065 1053 2113 1096 et
2148 1064 2288 1096 sacca
2313 1076 2322 1085 ·
2348 1062 2453 1094 cum

526 1134 658 1180 furca
693 1138 741 1181 et
781 1135 908 1182 fossa
933 1161 944 1172 ·
969 1149 1073 1181 cum
1109 1134 1211 1182 thol
1247 1138 1295 1182 et
1334 1135 1466 1182 them
1493 1163 1502 1172 ·
1527 1139 1577 1183 et
1618 1126 1975 1198 inl'anganethef
2004 1141 2053 1184 et
2093 1152 2200 1184 cum
2241 1135 2456 1183 omnibus

528 1222 631 1268 aliis
665 1223 724 1269 ad
760 1223 998 1285 predictas
1031 1226 1184 1270 terras
1218 1222 1341 1270 iuste
1376 1203 1721 1285 pertinentibus
1747 1252 1757 1261 ·
1781 1214 1927 1271 liBere
1953 1252 1962 1261 ·
1988 1224 2146 1288 quiete
2174 1252 2184 1262 -
2209 1223 2417 1287 plenarie
2445 1251 2454 1259 ·

530 1315 578 1358 et
601 1311 892 1358 honorifice!
928 1326 1013 1373 per
1044 1311 1293 1358 seruicium
1328 1311 1467 1359 unius
1499 1311 1664 1360 militis
1691 1340 1700 1349 -
1725 1311 1870 1360 saluis
1905 1312 2090 1360 clericis
2125 1313 2182 1360 de
2219 1312 2457 1374 Breychin
2509 1331 2521 1342 ·

530 1399 890 1447 rectitudinibus
935 1399 1032 1447 suis
1070 1427 1078 1436 ·
1115 1403 1164 1447 et
1211 1398 1355 1447 saluis
1400 1398 1563 1448 abbati
1609 1400 1668 1447 de
1715 1400 1952 1462 Breychin
1998 1400 2242 1448 annuatim
2294 1401 2456 1447 decem

531 1488 693 1535 solidis
729 1488 786 1534 de
824 1488 1110 1535 Kennebred
1139 1516 1148 1524 -
1175 1487 1503 1536 Concessimus
1537 1487 1687 1535 eciam
1722 1488 1875 1536 eidem
1912 1488 2182 1551 Gylandrys
2204 1492 2254 1536 et
2277 1488 2461 1535 heredi-

530 1578 617 1625 bus
651 1577 747 1625 suis
782 1592 898 1639 quos
932 1576 1149 1623 habuerit
1186 1577 1243 1623 de
1281 1575 1564 1624 Forthelech
1600 1575 1697 1623 filia,
1738 1576 1886 1624 Bricii
1920 1577 2095 1638 judicis
2140 1592 2287 1624 uxore
2333 1578 2458 1624 sua!

534 1665 730 1712 Kerdan
754 1668 803 1712 et
829 1664 1048 1726 Breckyn
1084 1680 1168 1727 per
1191 1668 1347 1712 rectas
1371 1664 1546 1712 diuisas
1570 1679 1679 1712 suas
1705 1692 1715 1701 ·
1740 1668 1790 1711 et
1814 1679 1919 1711 cum
1944 1665 2159 1712 omnibus
2192 1664 2299 1712 aliis
2322 1665 2459 1713 iustis

532 1753 836 1817 pertinenciis
871 1753 970 1800 suis
996 1780 1005 1789 ·
1030 1751 1238 1815 plenarie
1273 1755 1322 1800 et
1356 1752 1648 1799 honorifice&
1684 1751 1806 1799 infra
1839 1752 2018 1800 dictum
2041 1753 2290 1801 seruicium
2323 1754 2460 1800 unius

534 1841 698 1890 militis
732 1840 871 1890 simul
905 1856 1009 1887 oum
1052 1840 1278 1903 predictis
1323 1839 1464 1887 terris
1503 1867 1512 1876 ·
1549 1844 1598 1887 et
1643 1840 1861 1888 faciendo
1894 1841 2175 1889 forinsecum
2210 1842 2457 1889 seruicium

535 1932 658 1994 quod
705 1931 911 1993 pertinet
957 1931 1018 1976 ad
1066 1945 1227 1977 omnes
1272 1928 1511 1991 predictas
1561 1932 1712 1975 terras
1751 1956 1761 1965 ·
1801 1928 2022 1977 Testibus
2062 1957 2071 1967 ·
2114 1928 2356 1977 Willelmo
2402 1931 2459 1976 de

537 2019 840 2081 Bondingtun
887 2017 1169 2065 cancellario
1214 2045 1223 2054 ·
1269 2015 1488 2064 Waltero
1536 2016 1717 2079 Byseth
1762 2044 1771 2053 ·
1815 2015 1974 2063 Dauid
2023 2018 2081 2064 de
2129 2017 2403 2080 Hastengys
2449 2047 2458 2055 ·

537 2108 696 2155 Dauid
743 2107 927 2169 Cumyn
964 2135 973 2143 ·
1013 2105 1255 2152 Willelmo
1291 2105 1349 2151 de
1387 2104 1529 2167 Haya
1566 2132 1576 2141 ·
1615 2103 1858 2152 Willelmo
1896 2105 2045 2168 Byset
2083 2133 2093 2142 ·
2132 2105 2355 2168 Mychael
2401 2107 2459 2153 de

539 2197 706 2244 Monte
741 2195 840 2243 alto
867 2223 877 2232 ·
904 2194 1085 2242 Thoma
1115 2192 1333 2240 Malherb
1361 2221 1371 2229 -
1398 2193 1538 2255 Apud
1575 2192 1743 2239 Forfar
1779 2192 2099 2241 Nonodecimo
2135 2193 2211 2240 die
2246 2193 2424 2257 Aprilis
2451 2223 2460 2232 -

540 2287 676 2332 Anno
701 2284 829 2347 regni
854 2283 1029 2330 domini
1053 2281 1175 2344 regis
1199 2285 1368 2329 octauo
1393 2280 1574 2328 decimo
1601 2309 1611 2318 ·

540 2496 782 2544 Fundacio
806 2496 864 2542 de
891 2495 1205 2557 Messyndew.

507 2672 515 2680 ·
551 2610 819 2690 Omnibus
864 2644 1027 2690 sancte
1073 2639 1240 2686 matris
1295 2636 1494 2684 ecclesie
1548 2637 1657 2685 filiis
1703 2639 1763 2684 ad
1818 2652 1936 2700 quos
1991 2653 2184 2700 presens
2238 2639 2462 2702 scriptum

540 2730 806 2793 peruenerit
844 2728 1113 2776 WiUelmus
1148 2728 1206 2774 de
1241 2725 1474 2773 Brechine
1519 2725 1642 2774 filius
1682 2725 1858 2773 domini
1905 2725 2102 2773 Henrici
2138 2727 2196 2774 de
2232 2728 2464 2776 Brechine

541 2818 623 2865 filii
648 2818 834 2866 comitis
858 2817 1016 2865 Dauid
1042 2815 1242 2864 salutem
1267 2814 1315 2861 in
1339 2813 1528 2862 domino
1546 2814 1878 2878 sempiternam
1905 2841 1915 2850 ·
1944 2814 2185 2863 Noueritis
2207 2831 2282 2863 me
2307 2817 2464 2864 diuine

542 2907 756 2954 caritatis
779 2906 953 2953 intuitu
986 2909 1035 2952 et
1058 2920 1144 2967 pro
1167 2902 1320 2952 salute
1348 2902 1609 2949 animarum
1643 2901 1895 2951 illustrium
1930 2918 2089 2965 regum
2119 2903 2284 2951 Scocie
2320 2896 2466 2952 domi-

542 3011 705 3042 norum
748 2993 977 3041 Willelmi
1013 2996 1062 3040 et
1098 2990 1359 3039 Alexandri
1391 2990 1567 3038 domini
1602 2991 1637 3037 J
1640 2990 1838 3038 ohannis
1869 2990 2056 3038 comitis
2084 2990 2265 3039 Cestrie
2290 2994 2465 3041 domini

544 3082 739 3129 Henrici
762 3081 911 3144 patris
935 3081 1027 3128 mei
1063 3084 1112 3128 et
1153 3079 1339 3127 domine
1373 3078 1408 3126 J
1411 3077 1567 3126 uliane
1591 3078 1757 3127 matris
1787 3094 1891 3126 mee
1925 3094 2106 3126 necnon
2130 3083 2180 3126 et
2205 3096 2290 3142 pro
2313 3081 2465 3130 salute

545 3170 697 3216 anime
721 3184 825 3216 mee
860 3173 909 3216 et
945 3168 1206 3216 animarum
1240 3166 1447 3214 omnium
1483 3167 1863 3230 predecessorum
1902 3171 1952 3214 et
1987 3182 2307 3216 successorum
2341 3185 2467 3218 meo-

546 3273 646 3304 rum
682 3273 768 3303 nec
802 3273 894 3304 non
930 3260 979 3303 et
1014 3255 1220 3303 omnium
1265 3254 1470 3302 fidelium
1517 3255 1842 3302 defunctorum
1877 3255 2062 3303 dedisse
2097 3258 2383 3306 concessisse
2418 3264 2467 3306 et

545 3346 634 3392 hac
679 3345 885 3408 presenti
938 3348 1070 3391 carta
1121 3359 1226 3390 mea
1268 3342 1565 3391 confirmasse
1614 3342 1720 3390 Deo
1766 3347 1815 3390 et
1862 3342 2042 3406 capelle
2090 3343 2264 3392 Sancte
2313 3346 2468 3394 Marie
