2950 3970
569 683 1034 740 REGISTRUM
1074 688 1612 749 EPISOOPATUS
1654 697 2246 759 BRECHINENSIS.
2291 709 2395 760 119

375 965 438 1011 63
466 959 852 1024 Transsumptum
880 969 1010 1012 carte
1043 965 1268 1015 Willelmi
1292 970 1414 1033 regis
1439 971 1686 1021 Scotorum
1706 974 1765 1021 de
1782 974 1930 1024 libero
1953 977 2054 1025 foro
2081 979 2384 1029 Brechinensi

462 1053 511 1096 et
546 1050 605 1097 de
643 1050 908 1113 cognitione
944 1053 1151 1102 eiusdem
1187 1056 1316 1105 facta
1350 1060 1474 1122 apud
1518 1061 1750 1110 Brechine
1778 1079 1862 1126 per
1898 1067 2201 1114 camerarium
2241 1069 2383 1131 Regis

463 1137 623 1186 Dauid
666 1168 674 1176 -

1266 1232 1415 1294 [Vide
1437 1236 1529 1284 No.
1557 1237 1661 1302 62]

462 1429 736 1493 Requisitio
761 1446 844 1493 per
867 1430 1043 1479 bullam
1068 1449 1153 1495 pro
1178 1434 1353 1498 Cappis
1391 1463 1399 1472 ·

373 1584 436 1631 64
469 1554 547 1634 In
573 1587 667 1635 Dei
691 1588 878 1635 nomine
917 1589 1071 1636 Amen
1110 1617 1118 1625 ·
1159 1617 1167 1625 ·
1208 1618 1217 1627 ·
1257 1591 1428 1638 Pateat
1466 1591 1710 1640 euidenter
1745 1595 1866 1657 quod
1891 1611 2014 1643 anno
2052 1597 2242 1645 Domini
2284 1599 2385 1646 mil-

458 1676 623 1725 lesimo
647 1677 1108 1740 quadringentesimo
1132 1682 1302 1726 octauo
1327 1679 1500 1728 mensis
1534 1696 1643 1728 vero
1665 1681 1698 1727 J
1703 1681 1785 1728 ulii
1823 1683 1898 1730 die
1933 1684 2207 1733 duodecima
2241 1687 2386 1734 indic-

458 1767 589 1815 tione
631 1766 878 1814 undecima
911 1767 1215 1830 pontificatus
1250 1768 1535 1817 sanctissimi
1557 1769 1604 1816 in
1631 1769 1788 1818 Cristo
1822 1772 1971 1834 patris
2009 1802 2017 1810 ·
2059 1802 2067 1811 ·
2107 1803 2115 1811 ·
2154 1775 2385 1823 Nicholaii

462 1885 471 1893 ·
511 1885 521 1893 ·
562 1884 571 1893 ·
608 1871 728 1919 pape
754 1855 906 1918 quinti
930 1871 1054 1902 anno
1078 1856 1283 1904 secundo
1323 1885 1331 1893 -
1372 1885 1380 1892 ·
1421 1885 1429 1893 ·
1467 1856 1740 1920 Comparuit
1771 1858 1819 1906 in
1854 1861 2059 1923 capitulo
2085 1862 2383 1911 Brechinensi

462 1973 470 1981 ·
512 1973 520 1982 -
561 1973 570 1982 ·
609 1945 919 1992 Reuerendus
944 1944 992 1991 in
1017 1943 1175 1992 Cristo
1212 1948 1350 2007 pater
1370 1945 1404 1991 J
1408 1946 1614 1993 ohannes
1649 1946 1894 2011 episcopus
1918 1949 2247 1999 Brechinensis
2282 1969 2384 1998 cum

457 2033 564 2081 aliis
588 2033 902 2082 confratribus
926 2037 974 2081 et
1001 2033 1278 2096 quibusdam
1303 2035 1539 2082 canonicis
1563 2035 1688 2082 dicte
1713 2035 1908 2086 ecclesie
1933 2037 2124 2087 inferius
2146 2041 2385 2087 nominan-

459 2122 532 2170 dis
553 2123 615 2169 ad
639 2121 896 2186 capitulum
925 2121 1143 2184 generale
1177 2137 1262 2184 per
1285 2122 1462 2170 dictum
1499 2124 1806 2171 reuerendum
1846 2129 2028 2187 patrem
2065 2132 2114 2175 et
2157 2129 2380 2175 decanum

459 2213 516 2258 de
563 2211 876 2275 quadraginta
921 2210 1086 2258 diebus
1131 2210 1303 2257 abante
1350 2211 1634 2259 sufficienter
1679 2216 1895 2260 vocatum
1949 2229 2089 2277 super
2142 2217 2305 2263 certis
2330 2222 2377 2263 et

458 2300 658 2348 diuersis
713 2298 928 2347 articulis
981 2299 1204 2347 honorem
1251 2303 1300 2346 et
1340 2298 1600 2347 utilitatem
1658 2300 1773 2348 dicti
1833 2301 2025 2364 capituli
2082 2305 2381 2366 tangentibus

458 2393 506 2436 et
530 2389 620 2435 hac
645 2388 720 2435 die
757 2388 805 2435 in
841 2387 1050 2451 capitulo
1084 2387 1305 2450 perlectis
1341 2392 1389 2435 et
1411 2387 1630 2435 hincinde
1665 2405 1749 2451 pro
1785 2389 2076 2438 anisamento
2116 2391 2331 2440 habendo
2370 2422 2378 2430 -

458 2478 710 2527 Canonicis
733 2477 1010 2526 destributis
1034 2477 1157 2525 inter
1181 2492 1270 2540 que
1305 2475 1548 2539 legebatur
1582 2478 1782 2540 quedam
1822 2477 1950 2525 bulla
1990 2494 2104 2526 sana
2129 2484 2176 2526 et
2203 2481 2382 2542 integra

457 2567 741 2617 sanctissimi
771 2566 948 2615 domini
972 2566 1121 2614 nostri
1145 2581 1266 2629 pape
1301 2564 1499 2627 Eugenii
1523 2565 1642 2612 bone
1683 2565 1903 2613 memorie
1942 2566 1999 2614 de
2035 2567 2381 2615 confirmatione

458 2659 698 2706 cuiusdam
724 2656 894 2704 statuti
919 2655 1035 2703 editi
1059 2671 1144 2718 per
1167 2654 1343 2701 dictum
1369 2652 1625 2716 capitulum
1665 2656 1713 2700 et
1750 2653 1796 2699 in
1839 2654 1967 2701 dicta
2004 2653 2130 2701 bulla
2155 2656 2212 2702 de
2236 2657 2375 2703 verbo

458 2749 505 2794 in
558 2746 750 2794 verbum
797 2744 963 2793 inserti
1010 2724 1068 2790 de
1131 2741 1366 2790 nonnullis
1425 2741 1724 2804 pecuniarum
1772 2741 1964 2790 summis
2024 2747 2072 2790 et
2128 2743 2374 2792 taxatione

457 2836 689 2883 dictorum
731 2832 940 2897 episcopi
975 2831 1141 2879 decani
1181 2834 1230 2878 et
1275 2829 1471 2877 aliorum
1509 2830 1835 2877 canonicorum
1876 2846 1961 2892 pro
2001 2833 2378 2893 augmentatione

455 2940 709 2988 capparum
757 2921 887 2970 chori
935 2919 1268 2968 Brechinensis
1306 2947 1314 2955 ·
1355 2919 1460 2973 Qua
1516 2916 1645 2964 bulla
1704 2916 1920 2965 totaliter
1971 2918 2179 2980 perlecta
2225 2921 2378 2969 dictus

456 3013 742 3062 reuerendus
786 3015 924 3075 pater
963 3007 1277 3057 venerabilem
1314 3006 1462 3054 virum
1503 3005 1774 3067 magistrum
1798 3005 1832 3051 J
1836 3005 2065 3053 ohannem
2104 3007 2379 3069 Lychtoune

456 3095 684 3150 decanum
734 3099 1100 3150 Brechinensem
1163 3100 1389 3158 tanquam
1434 3097 1782 3157 procuratorem
1829 3109 2118 3142 communem
2182 3098 2375 3159 capituli

454 3190 702 3254 requisiuit
738 3193 788 3237 et
822 3187 1005 3236 monuit
1034 3190 1266 3250 quatenus
1302 3182 1590 3245 diligentiam
1631 3186 1903 3229 consuetam
1945 3186 1993 3230 et
2034 3188 2376 3246 competentem

452 3281 631 3327 faceret
672 3294 757 3341 pro
797 3276 1030 3326 solutione
1066 3274 1296 3321 dictarum
1334 3286 1616 3320 summarum
1639 3286 1669 3317 a
1693 3270 1822 3317 dicta
1845 3270 2120 3318 duodecima
2163 3271 2237 3318 die
2259 3272 2293 3318 J
2299 3272 2379 3319 ulii

453 3384 600 3431 usque
624 3368 684 3415 ad
709 3366 1110 3414 decimamnonam
1137 3361 1258 3409 diem
1297 3359 1468 3408 mensis
1504 3358 1707 3420 Augusti
1732 3358 1945 3421 proxime
1982 3360 2220 3421 sequentis
2259 3388 2268 3396 -
2306 3361 2378 3407 Ad
