2950 3970
473 625 585 679 222
640 624 1105 680 REGISTRUM
1146 624 1687 680 EPISC'OPA'I'US
1729 624 2327 681 BRECHINENSIS.

474 815 566 861 tori
603 814 933 862 canonicorum
958 814 1087 861 chori
1126 813 1459 861 Brechinensis
1496 841 1505 851 ·
1544 813 1826 876 Quiquidcm
1866 818 2145 877 procurator
2167 815 2410 863 celebraie

472 902 617 950 faciet
640 902 842 950 seruicia
859 917 943 965 pro
963 901 1229 950 huiusmodi
1253 901 1577 949 anniuersario
1602 902 1678 949 die
1698 902 2011 952 conueniente
2029 903 2206 967 absque
2226 919 2359 950 mora
2398 931 2408 939 ·

475 990 678 1038 Tantum
705 1006 790 1053 pro
822 990 949 1038 omni
982 989 1076 1038 alio
1109 1006 1251 1038 onere
1287 990 1489 1038 seruicio
1514 989 1716 1038 seculari
1755 1019 1764 1028 -
1804 1018 1814 1028 ·
1853 1017 1863 1028 ·
1902 991 1960 1038 de
1985 991 2114 1040 dicto
2136 995 2411 1040 tenemento

477 1106 485 1116 ·
526 1107 534 1116 ·
576 1106 585 1116 ·
623 1079 683 1125 In
722 1078 854 1127 cuius
893 1078 960 1126 rei
998 1078 1322 1126 testimonium
1362 1077 1566 1141 sigillum
1606 1094 1760 1126 meum
1785 1078 1894 1126 huic
1919 1079 2129 1141 presenti
2153 1084 2284 1127 carte
2307 1095 2411 1127 mee

474 1171 546 1215 est
594 1182 851 1230 appensum
910 1165 1058 1230 Apud
1107 1166 1375 1214 Inuerarite
1421 1165 1684 1230 penultimo
1744 1166 1820 1214 die
1879 1167 2054 1216 mensis
2099 1167 2235 1215 Junii
2287 1183 2412 1216 anno

476 1255 668 1303 Domini
712 1254 961 1303 millesimo
1003 1254 1378 1318 quingentesimo
1414 1254 1579 1318 quinto
1621 1254 1795 1302 Coram
1834 1255 1927 1303 hiis
1971 1255 2176 1304 testibus
2223 1256 2412 1304 domino

477 1345 658 1391 Thoma
694 1343 1010 1392 Schorthouss
1046 1341 1292 1406 capellano
1317 1340 1509 1391 Thoma
1548 1343 1704 1405 Rossy
1741 1343 1952 1392 Roberto
1985 1343 2159 1406 Sprute
2199 1343 2410 1392 Patricio

477 1432 729 1495 Lyndesay
753 1435 802 1480 et
827 1431 1016 1479 domino
1043 1430 1262 1479 Walter-o
1290 1429 1433 1478 Clerk
1457 1430 1643 1479 notario
1667 1430 1857 1493 publico
1895 1446 1999 1479 cum
2035 1432 2234 1480 diuersis
2257 1432 2364 1480 aliis
2401 1461 2411 1470 ·

423 1654 452 1681 κε
478 1633 624 1680 Carta
646 1632 1025 1680 mortificationis
1046 1631 1339 1680 fundationis
1365 1631 1636 1694 Margarete
1663 1631 1962 1694 Carmychell
2000 1632 2184 1681 ducisse
2211 1633 2414 1681 Montis-

478 1737 686 1769 rosarum
713 1722 770 1769 de
796 1736 891 1769 uno
914 1723 1189 1769 tenemento
1227 1720 1350 1768 infra
1378 1719 1623 1768 ciuitatem
1651 1719 2018 1768 Brechinensem
2043 1721 2169 1769 facte
2193 1721 2414 1769 choristis

479 1811 685 1857 eiusdem
727 1838 736 1847 ·

358 1963 451 2008 112
485 1936 720 2014 Jacobus
759 1966 851 2014 Dei
890 1970 1044 2027 gratia
1081 1982 1165 2014 rex
1205 1966 1454 2014 Scotorum
1493 1994 1503 2003 ·
1543 1993 1552 2002 ·
1592 1991 1602 2003 ·
1639 1964 1814 2013 Sciatis
1848 1980 1935 2012 nos
1971 1965 2204 2028 quandam
2231 1969 2410 2012 cartam

480 2055 748 2102 donationis
772 2058 820 2102 et
847 2055 1161 2102 concessionis
1196 2054 1370 2102 factam
1408 2070 1494 2117 per
1529 2053 1753 2102 dilectam
1786 2053 2179 2116 consanguineam
2203 2058 2412 2102 nostram

483 2143 804 2204 Margaretam
848 2141 1133 2189 Car-michell
1176 2142 1410 2191 ducissam
1450 2143 1508 2190 de
1547 2142 1791 2190 Montross
1830 2170 1839 2178 -
1879 2170 1888 2179 ·
1928 2169 1938 2178 ·
1975 2142 2033 2188 de
2067 2145 2172 2190 toto
2210 2146 2258 2189 et
2294 2142 2414 2190 inte-

479 2247 562 2293 gro
587 2247 682 2279 uno
706 2235 979 2278 tenemento
1002 2239 1129 2278 terre
1147 2231 1341 2293 jacente
1366 2232 1487 2278 infra
1511 2229 1764 2278 Ciuitatem
1806 2230 2171 2278 Brechinensem
2195 2247 2257 2278 ex
2280 2235 2417 2293 parte

481 2319 763 2367 occidentali
801 2319 1009 2367 eiusdem
1034 2319 1159 2366 inter
1181 2324 1334 2368 terras
1374 2319 1569 2367 Ricardi
1595 2319 1772 2380 'During
1809 2335 1870 2366 ex
1909 2317 2142 2373 orientali,
2180 2322 2229 2366 et
2264 2322 2418 2367 terras

484 2408 715 2471 quondam
759 2406 989 2455 Willelmi
1029 2408 1250 2456 Fordoun
1290 2424 1351 2455 ex
1390 2407 1675 2455 occidentali
1711 2411 1760 2455 et
1797 2407 1950 2454 vicum
1990 2410 2202 2456 nostrum
2238 2408 2417 2471 regium

485 2497 563 2559 qui
588 2496 718 2543 ducit
742 2512 903 2544 versus
929 2496 1184 2560 Petpullox
1208 2513 1269 2543 ex
1293 2495 1485 2550 borcali,
1525 2500 1574 2542 et
1612 2495 1734 2543 viam
1774 2499 1988 2544 vocatam
2013 2494 2058 2543 le
2084 2495 2319 2559 Kirkgate
2357 2512 2419 2544 ex

485 2585 681 2637 australi
698 2585 912 2648 partibus
950 2612 960 2622 ·
998 2584 1195 2632 Necnon
1221 2586 1279 2632 de
1303 2601 1398 2632 una
1419 2599 1531 2631 acra
1548 2588 1675 2632 terre
1693 2583 1963 2633 huiusmodi
1985 2588 2258 2632 tenemento
2276 2585 2420 2648 perti-

486 2673 630 2729 nenti,
667 2672 937 2736 Capellanis
974 2673 1104 2721 chori
1141 2672 1478 2736 recipientibus
1501 2672 1768 2720 communia
1804 2673 1853 2720 in
1891 2671 2109 2721 Ecclesia
2146 2673 2420 2722 Cathedrali

491 2761 798 2809 Brechinensi
848 2761 1009 2809 diuina
1062 2760 1265 2810 seruicia
1301 2761 1476 2809 cotidie
1518 2760 1868 2809 celebrantibus
1925 2789 1935 2798 ·
1989 2789 1998 2799 ·
2056 2789 2066 2798 ·
2119 2763 2179 2809 ad
2228 2762 2416 2825 plenum

491 2849 782 2898 intellexisse
825 2849 911 2898 sub
948 2850 1039 2897 hac
1075 2850 1227 2897 forma
1270 2848 1420 2911 [Vide
1459 2849 1533 2897 No
1569 2851 1690 2916 111]
1732 2876 1743 2887 ·
1780 2850 2124 2913 Quamquidem
2162 2855 2342 2898 cartam
2365 2867 2422 2898 ac

493 2938 793 2986 donationem
834 2937 1186 2986 concessionem
1225 2938 1548 2986 ordinationes
1570 2942 1754 2986 statuta
1777 2941 1826 2986 et
1849 2937 2034 3001 regulas
2057 2938 2103 2984 in
2129 2940 2293 2987 eadem
2317 2955 2427 2988 con-

493 3031 654 3075 tentas
691 3054 701 3065 ·
740 3054 750 3064 -
791 3053 800 3063 ·
837 3027 896 3073 ad
945 3042 1135 3074 manum
1176 3030 1409 3074 mortuam
1450 3054 1459 3064 ·
1499 3054 1509 3064 ·
1549 3054 1558 3063 ·
1595 3026 1923 3074 confirmamus
1960 3054 1970 3063 ·
2007 3025 2162 3075 Saluis
2207 3028 2343 3076 nobis
2377 3033 2426 3076 et

496 3115 844 3163 successoribus
883 3115 1057 3163 nostris
1097 3114 1330 3162 dictorum
1372 3113 1722 3178 capellanorum
1769 3118 1819 3162 et
1865 3114 2054 3162 suorum
2102 3130 2423 3164 successorum

498 3204 759 3252 orationum
785 3203 1016 3265 suffragiis
1040 3203 1315 3251 deuotarum
1340 3206 1526 3251 tantum
1565 3230 1575 3240 ·
1611 3202 1671 3250 In
1703 3202 1836 3250 cuius
1875 3202 1943 3249 rei
1977 3202 2298 3251 testimonium
2322 3221 2426 3267 pre-

500 3293 621 3341 senti
664 3297 793 3340 carte
835 3296 995 3340 nostre
1036 3291 1405 3339 confirmationis
1441 3295 1491 3339 et
1527 3290 1932 3338 admortizationis
1971 3306 2186 3353 magnum
2224 3292 2424 3354 sigillum
