2950 3970
613 657 1084 715 REGISTRUM
1123 662 1670 719 EPISCOPATUS
1712 666 2307 726 BRECHINENSIS.
2363 674 2468 726 113

532 851 649 895 tunc
691 849 860 898 darent
886 866 1161 915 responsum
1199 854 1328 902 dicto
1363 856 1624 903 reuerendo
1648 856 1773 919 patri
1811 885 1821 894 ·
1859 857 1964 912 Qua
2000 858 2076 905 die
2113 859 2265 922 prima
2288 861 2467 924 Aprilis

532 937 766 986 antedicti
818 940 1038 989 veniente
1087 970 1098 980 ·
1145 946 1194 991 et
1243 944 1374 992 curia
1425 945 1598 1008 prefati
1646 945 1937 995 vicecomitis
1998 948 2122 1011 apud
2174 948 2465 999 Kincardine

531 1030 667 1075 tenta
701 1044 787 1091 per
820 1029 1142 1079 honorabilem
1177 1036 1227 1080 et
1261 1033 1465 1081 nobilem
1501 1034 1648 1082 virum
1687 1035 1944 1083 Patricium
1970 1035 2173 1099 Barclay
2197 1037 2311 1086 dicti
2347 1039 2469 1088 vice-

532 1116 721 1166 comitis
755 1119 1035 1182 deputatum
1073 1149 1082 1159 ·
1120 1122 1404 1186 Superuenit
1443 1123 1599 1172 dictus
1634 1124 1920 1173 reuerendus
1952 1128 2090 1187 pater
2123 1129 2172 1174 et
2212 1126 2326 1175 fecit
2376 1127 2467 1191 legi

531 1206 682 1269 primo
721 1207 899 1256 dictam
939 1208 1128 1257 literam
1174 1211 1350 1275 regiam
1395 1212 1481 1260 sub
1517 1212 1705 1275 priuato
1744 1211 1897 1275 sigillo
1944 1213 2103 1261 datam
2149 1215 2272 1277 apud
2322 1216 2467 1264 Perth

531 1296 716 1344 decima
747 1302 917 1361 quarta
953 1299 1028 1346 die
1054 1300 1301 1348 Februarii
1325 1300 1596 1349 immediate
1620 1301 1918 1364 precedentis
1955 1330 1965 1340 ·
2003 1303 2095 1350 Per
2118 1319 2257 1367 quam
2280 1304 2465 1353 literam

530 1386 784 1434 mandatur
806 1387 1074 1436 vicecomiti
1100 1389 1157 1436 de
1183 1389 1490 1452 Kyncardine
1527 1393 1576 1438 et
1600 1391 1701 1439 eius
1725 1391 1964 1454 deputatis
1989 1393 2113 1455 quod
2137 1394 2177 1440 si
2201 1393 2469 1442 inueniatur

530 1476 655 1539 quod
682 1475 931 1540 episcopus
956 1476 1289 1527 Brechinensis
1313 1483 1361 1527 et
1385 1480 1457 1527 sui
1481 1479 1837 1542 predecessores
1870 1479 2059 1528 fuerunt
2094 1481 2141 1528 in
2175 1483 2468 1545 possessione

530 1566 588 1612 de
636 1565 858 1614 secundis
900 1567 1097 1615 decimis
1139 1568 1198 1615 de
1239 1567 1288 1631 ly
1330 1568 1584 1631 Meyrnyss
1630 1569 1689 1616 de
1735 1569 1951 1617 omnibus
1985 1573 2034 1617 et
2069 1569 2261 1633 singulis
2296 1573 2469 1620 wardis

529 1654 719 1703 releuiis
786 1655 1021 1703 curiarum
1077 1656 1333 1719 justiciarii
1380 1661 1429 1705 et
1491 1657 1737 1705 camerarii
1796 1662 1845 1706 et
1907 1658 2195 1708 vicecomitis
2247 1676 2303 1707 ac
2362 1660 2467 1708 aliis

528 1742 860 1793 emolumentis
897 1761 990 1808 quo
1013 1746 1074 1792 ad
1098 1746 1331 1794 secundas
1366 1746 1574 1794 decimas
1598 1747 1721 1810 quod
1757 1747 1858 1795 sine
1897 1747 2232 1811 impedimento
2269 1753 2352 1797 aut
2387 1751 2467 1797 ob-

527 1832 713 1882 staculo
731 1834 912 1882 faceret
933 1834 1110 1884 dictum
1135 1835 1408 1899 episcopum
1435 1839 1483 1883 et
1507 1851 1802 1884 successores
1825 1851 1934 1884 suos
1957 1836 2136 1899 integre
2158 1837 2219 1884 de
2242 1838 2466 1900 predictis

527 1923 735 1988 persolui
774 1953 785 1963 ·
822 1924 1179 1989 Consequenter
1219 1925 1375 1974 dictus
1417 1925 1664 1989 episcopus
1701 1925 1815 1972 fecit
1855 1924 1947 1987 legi
1983 1925 2125 1972 aliam
2164 1925 2350 1974 literam
2387 1943 2467 1990 pa-

527 2018 709 2063 tentem
734 2029 841 2062 cum
866 2030 1036 2077 magno
1068 2013 1222 2077 sigillo
1247 2014 1374 2076 regio
1399 2014 1457 2061 de
1481 2030 1606 2062 anno
1631 2013 1823 2061 Domini
1848 2013 2095 2062 millesimo
2120 2015 2467 2078 quadringenti-

527 2104 646 2152 simo
672 2103 1004 2152 decimotertio
1028 2107 1078 2151 et
1103 2104 1161 2150 de
1186 2102 1352 2150 ultima
1379 2103 1454 2150 die
1480 2102 1653 2151 mensis
1675 2103 1708 2149 J
1714 2102 1809 2149 unii
1835 2103 1993 2149 datam
2011 2106 2222 2165 tempore
2239 2104 2464 2166 guberna-

527 2193 671 2242 tionis
698 2193 899 2241 Roberti
925 2192 1076 2240 Ducis
1101 2191 1303 2239 Albanie
1342 2221 1352 2230 ·
1391 2220 1400 2228 ·
1441 2220 1450 2228 ·
1488 2192 1546 2238 In
1572 2207 1665 2254 qua
1683 2192 1933 2239 mandatur
1947 2190 2210 2239 vicecomiti
2227 2192 2464 2255 deputatis

528 2287 577 2330 et
614 2282 802 2331 balliuis
838 2283 896 2330 de
946 2281 1254 2344 Kyncardine
1296 2285 1348 2328 ut
1390 2281 1603 2344 sequitur
1639 2307 1650 2318 ·
1687 2280 1810 2335 Quia
1845 2296 1929 2342 per
1970 2283 2146 2327 certam
2186 2280 2459 2329 relationem

529 2402 540 2410 ·
580 2401 590 2410 ·
630 2401 640 2410 ·
679 2370 798 2434 [etc.
823 2372 930 2420 vide
957 2371 1045 2419 No.
1071 2371 1177 2434 25]

596 2463 787 2510 Deinde
823 2462 980 2510 dictus
1015 2461 1301 2509 reuerendus
1335 2462 1471 2523 pater
1507 2458 1621 2506 fecit
1662 2457 1754 2520 legi
1801 2457 1943 2504 aliam
1989 2456 2175 2505 literam
2221 2461 2460 2520 patentem

527 2569 634 2600 cum
659 2551 813 2615 sigillo
837 2554 1023 2600 secreto
1047 2550 1284 2613 pendente
1323 2548 1370 2595 in
1406 2563 1516 2596 cera
1549 2546 1694 2594 rubea
1716 2545 1822 2593 albe
1847 2545 2074 2608 impressa
2111 2573 2120 2583 -
2159 2544 2304 2594 Cuius
2326 2550 2462 2593 tenor

527 2642 742 2706 sequitur
766 2641 952 2689 Robert
977 2639 1113 2687 Duce
1138 2639 1191 2686 of
1212 2637 1401 2700 Albany
1439 2665 1447 2674 ·
1487 2664 1497 2673 ·
1537 2664 1546 2673 -
1587 2634 1702 2696 [etc.
1727 2634 1831 2681 vide
1858 2634 1945 2682 No.
1970 2634 2075 2698 26]

596 2731 784 2778 Deinde
809 2730 965 2778 dictus
988 2727 1273 2776 reuerendus
1296 2730 1433 2790 pater
1455 2724 1568 2772 fecit
1592 2724 1683 2786 legi
1718 2723 1903 2786 publice
1941 2723 2116 2770 dictam
2156 2722 2342 2770 literam
2383 2741 2464 2786 pa-

527 2825 709 2868 tentem
748 2819 835 2868 sub
877 2818 1061 2881 signeto
1097 2816 1231 2865 cuius
1271 2819 1409 2862 tenor
1445 2812 1657 2876 sequitur
1697 2812 1754 2858 de
1797 2811 1937 2858 verbo
1978 2811 2024 2857 in
2068 2810 2258 2857 verbum
2302 2815 2350 2858 et
2392 2816 2464 2859 est

526 2909 639 2958 talis
677 2937 687 2946 ·
725 2909 759 2955 J
763 2924 894 2956 ames
917 2907 977 2954 be
1001 2921 1060 2969 ye
1084 2920 1223 2968 grace
1263 2903 1331 2951 off
1361 2903 1496 2950 Gode
1540 2900 1696 2962 Kinge
1723 2899 1792 2947 off
1810 2899 1989 2947 Scottis
2019 2898 2076 2946 til
2101 2915 2186 2946 our
2209 2899 2383 2947 schreff
2415 2902 2468 2947 of

530 2998 824 3046 Kincardine
859 2997 953 3044 and
990 2995 1064 3043 his
1105 2992 1293 3057 deputis
1325 2990 1549 3054 gretinge.
1634 2989 1729 3035 For
1762 2986 1988 3035 alsmekle
2025 3002 2079 3034 as
2119 2986 2158 3034 it
2201 2985 2292 3052 [is]
2337 3002 2462 3036 com-

526 3087 732 3151 plenzeit
772 3085 832 3134 til
855 3102 925 3134 ws
959 3084 1020 3132 be
1045 3099 1075 3131 a
1098 3081 1354 3130 reuerende
1392 3078 1537 3126 fathir
1560 3078 1608 3124 in
1633 3076 1788 3124 Criste
1812 3091 1871 3138 ye
1894 3075 2089 3138 bischop
2127 3075 2195 3122 off
2228 3075 2460 3123 Brechine

530 3178 656 3225 That
692 3171 1206 3234 nochtvvithstandinge
1241 3172 1324 3232 yat
1358 3182 1418 3230 ye
1455 3166 1556 3214 said
1598 3164 1855 3211 reuerende
1877 3163 2024 3210 fathir
2062 3178 2115 3210 as
2153 3163 2212 3210 he
2251 3163 2460 3212 informis

527 3283 597 3316 ws
621 3283 696 3314 aw
720 3281 782 3312 na
805 3277 1084 3326 comperans
1107 3260 1155 3307 in
1180 3274 1265 3306 our
1287 3257 1320 3304 J
1326 3254 1473 3304 ustice
1507 3253 1634 3316 ayris
1659 3251 1727 3300 off
1753 3267 1813 3315 ye
1839 3251 2077 3313 Meirnyss
2099 3250 2174 3298 for
2208 3250 2282 3298 his
2310 3250 2462 3299 landis

527 3357 582 3405 of
614 3355 861 3417 Kingorny
906 3367 968 3398 na
1002 3365 1124 3397 nane
1170 3346 1315 3410 oyiris
1354 3343 1522 3392 within
1570 3357 1683 3389 zour
1729 3339 1934 3402 bailzery
1979 3354 2031 3386 ze
2074 3337 2148 3386 cal
2191 3338 2329 3400 hyme
2371 3341 2462 3386 and

1495 3431 1554 3477 15
