2950 3970
529 619 636 678 178
708 619 1175 677 REGISTRUM
1213 619 1752 676 EPISCOPATUS
1794 619 2390 676 BRECHINENSIS.

530 810 870 859 sufficientibus
908 810 1209 874 concepimus
1247 810 1372 874 quod
1410 805 1624 858 nonnulli
1660 812 1762 857 tam
1802 809 1954 858 nostri
1992 826 2133 874 quam
2181 811 2475 874 quorundam

530 899 916 961 predecessorum
962 903 1230 947 nostrorum
1289 897 1502 968 officiarii
1554 900 1782 961 pretextu
1828 897 2073 959 cujusdam
2118 899 2476 949 consuetudinis

529 986 717 1050 longeui
741 988 970 1050 temporis
993 986 1324 1035 obseruatione
1361 990 1415 1034 ut
1452 985 1682 1035 asseritur
1705 985 1926 1034 roborate
1962 987 2120 1035 omnia
2154 1003 2229 1036 res
2266 992 2316 1037 et
2352 988 2476 1037 bona

530 1075 725 1124 mobilia
771 1092 862 1139 que
911 1075 1138 1140 Episcopi
1185 1075 1315 1139 regni
1363 1075 1515 1123 nostri
1560 1090 1648 1138 pro
1693 1078 1908 1138 tempore
1955 1075 2221 1124 existentes
2259 1079 2475 1141 tempore

529 1165 601 1212 sui
649 1165 807 1213 obitus
864 1165 1143 1228 optinebant
1202 1180 1286 1213 seu
1343 1163 1651 1228 possidebam:
1711 1162 1963 1227 Episcopis
2020 1163 2360 1213 decedentibus
2417 1166 2475 1212 de

528 1253 658 1300 facto
696 1258 985 1317 occupantes
1021 1256 1071 1301 et
1111 1257 1389 1317 vsurpantes
1431 1252 1740 1316 sibimetipsis
1777 1256 1827 1301 et
1865 1253 2041 1302 nostris
2093 1268 2280 1301 camere
2314 1258 2475 1303 nostre

529 1342 687 1391 vsibus
726 1343 1050 1391 conuertenda
1090 1342 1355 1391 rationibus
1395 1342 1445 1390 in
1486 1341 1778 1390 contrarium
1818 1341 2076 1405 propositis
2115 1357 2211 1390 non
2256 1342 2476 1392 admissis

529 1435 808 1496 receperunt
848 1431 1149 1496 applicarunt
1187 1435 1236 1479 et
1275 1434 1614 1480 conuerterunt
1661 1430 1782 1478 vnde
1819 1445 1907 1479 nos
1943 1429 2204 1479 clarissime
2251 1431 2475 1480 memorie

529 1520 688 1569 Dauid
726 1526 776 1570 et
817 1521 1019 1570 Roberti
1056 1520 1443 1585 predecessorum
1485 1523 1752 1568 nostrorum
1786 1534 1947 1582 regum
1973 1518 2140 1568 Scocie
2176 1519 2258 1583 qui
2296 1520 2495 1568 dictam'

525 1610 915 1658 consuetudinem
963 1614 1191 1674 tanquam
1251 1608 1496 1658 abusiuam
1555 1612 1606 1656 et
1664 1607 1995 1657 detestabilem
2043 1612 2323 1673 reputantes
2369 1626 2474 1677 eam

523 1698 703 1747 aboleri
729 1700 1041 1747 decreuerunt
1076 1698 1206 1747 illam
1242 1698 1432 1762 penitus
1467 1701 1812 1746 reuocauerunt
1835 1697 2129 1747 sustulerunt
2170 1698 2474 1748 annullarunt

523 1803 580 1835 ac
616 1789 901 1836 mandarunt
938 1789 997 1835 de
1032 1791 1194 1836 cetero
1227 1786 1499 1836 nullatenus
1533 1785 1777 1835 obseruari
1801 1786 2022 1848 exempla
2056 1787 2190 1851 sequi
2227 1789 2473 1852 cupientes

523 1876 766 1926 abolemus
813 1891 1090 1925 reuocamus
1136 1891 1377 1925 cassamus
1434 1891 1492 1923 ae
1547 1874 1738 1938 penitus
1783 1874 2082 1924 annullamus
2127 1880 2177 1924 et
2224 1892 2328 1924 eam
2386 1893 2472 1941 pro

524 1965 700 2014 nostris
746 1970 795 2014 et
841 1965 1049 2014 omnium
1096 1980 1419 2014 successorum
1465 1967 1733 2013 nostrorum
1775 1979 1935 2026 regum
1977 1964 2139 2012 Scotie
2179 1966 2472 2028 temporibus

524 2054 812 2118 precipimus
850 2058 900 2102 et
939 2055 1217 2103 mandamus
1253 2052 1524 2102 nullatenus
1555 2053 1798 2102 obseruari
1821 2054 1905 2102 sed
1929 2057 2158 2117 tanquam
2193 2059 2469 2104 reuocatam

525 2141 752 2190 abolitam
794 2146 1030 2192 cassatam
1072 2147 1121 2190 et
1163 2141 1353 2206 penitus
1393 2141 1686 2190 annullatam
1734 2150 1966 2205 perpetuo
2012 2144 2224 2206 reputari
2262 2173 2273 2183 ·
2312 2145 2378 2194 Et
2418 2150 2469 2193 vt

525 2231 614 2279 hec
637 2235 798 2280 nostre
824 2231 1083 2280 voluntatis
1107 2231 1343 2280 ordinatio
1379 2235 1428 2279 et
1463 2231 1740 2278 mandatum
1774 2230 1956 2278 firmum
1983 2231 2125 2279 robur
2148 2233 2395 2296 optineant
2419 2239 2469 2282 et

525 2319 714 2382 plenum
752 2320 991 2368 firmitatis
1029 2323 1378 2384 consequantur
1416 2319 1635 2367 effectum
1673 2335 1731 2367 ac
1754 2323 1805 2368 vt
1829 2320 2035 2384 dampna
2058 2325 2107 2369 et
2132 2322 2346 2385 pericula
2369 2325 2469 2371 ani-

524 2424 708 2457 marum
748 2425 838 2472 que
876 2425 938 2456 ex
976 2409 1105 2456 dicta
1142 2413 1325 2457 asserta
1349 2408 1689 2456 consuetudine
1724 2412 1774 2456 et
1810 2423 2006 2458 censure
2030 2409 2352 2460 ecclesiastice
2376 2429 2467 2476 que

524 2514 586 2544 ex
635 2497 994 2546 inhibitionibus
1039 2496 1315 2561 apostolicis
1362 2497 1466 2560 ipso
1507 2497 1636 2545 facto
1679 2497 1727 2544 in
1769 2497 2058 2545 contrarium
2097 2499 2329 2548 facientes
2367 2500 2466 2550 late

524 2587 713 2634 euenire
738 2590 961 2650 poterunt
986 2587 1229 2634 enitentur
1265 2615 1275 2624 ·
1315 2586 1414 2634 Nos
1437 2586 1742 2642 attendentes
1774 2586 2021 2634 serenitati
2045 2587 2171 2650 regie
2195 2588 2465 2638 incumbere

523 2692 685 2724 omnes
723 2676 852 2739 regni
890 2676 961 2724 sui
1001 2674 1226 2724 ecclesias
1264 2679 1313 2723 et
1352 2674 1701 2723 ecclesiasticas
1737 2689 1963 2738 personas
2004 2675 2053 2722 in
2093 2677 2464 2738 possessionibus

523 2764 823 2812 libertatibus
840 2764 1026 2826 juribus
1061 2767 1111 2812 et
1145 2763 1405 2827 priuilegiis
1427 2762 1695 2826 antiquitus
1718 2763 1928 2812 obtentis
1953 2763 2231 2828 indempnes
2252 2765 2463 2816 illibatas

525 2856 574 2899 et
615 2851 775 2901 illesas
820 2868 1096 2915 preseruare
1135 2868 1193 2900 ac
1233 2852 1483 2916 presertim
1530 2850 1757 2900 ecclesias
1798 2850 2113 2900 cathedrales
2159 2857 2208 2900 et
2254 2853 2462 2917 ipsarum

526 2941 770 3004 episcopos
807 2940 1088 3004 singularius
1125 2940 1296 3003 regalis
1332 2940 1546 3004 potentie
1583 2939 1779 2988 brachio
1817 2942 2064 3002 protegere
2102 2967 2112 2977 ·
2151 2941 2217 2989 Et
2258 2942 2306 2989 in
2342 2944 2464 2992 obti-

523 3029 730 3077 tinendis
767 3029 1017 3093 specialius
1052 3046 1329 3094 promouere
1366 3029 1426 3078 ob
1461 3028 1776 3077 reuerentiam
1799 3026 1987 3075 laudem
2023 3031 2073 3076 et
2108 3028 2333 3078 honorem
2370 3032 2462 3080 Dei

524 3118 861 3180 omnipotentis
883 3118 1023 3166 beate
1048 3118 1258 3181 Virginis
1286 3118 1441 3166 Marie
1465 3122 1514 3165 et
1539 3117 1744 3166 omnium
1781 3120 2051 3165 sanctorum
2075 3122 2126 3166 et
2149 3118 2209 3166 ob
2232 3120 2461 3169 sinceram

525 3206 825 3254 deuotionem
860 3211 909 3254 et
944 3211 1150 3255 mentem
1185 3223 1350 3270 puram
1375 3222 1518 3270 quam
1542 3205 1691 3254 nostri
1715 3204 2039 3269 progenitores
2062 3222 2195 3269 reges
2218 3208 2378 3257 Scotie
2413 3211 2461 3257 in

524 3294 756 3342 dictarum
799 3295 927 3358 regni
969 3296 1117 3344 nostri
1165 3295 1469 3344 ecclesiarum
1518 3293 1874 3343 Cathedralium
1919 3293 2195 3342 fundatione
2241 3296 2459 3347 habuisse
