2950 3970
443 615 515 668 80
611 611 1074 670 REGISTRUM
1112 613 1651 668 EPISCOPATUS
1691 613 2284 668 BRECHINENSIS.

437 801 771 850 Brechinensis
807 801 1045 849 dominum
1082 801 1117 848 J
1120 802 1351 849 ohannem
1401 800 1534 847 Wild
1578 800 1890 864 presbiterum
1937 806 1987 850 et
2035 800 2361 849 Alexandrum

436 889 630 937 Cristini
678 889 816 938 citari
877 889 1090 953 precepit
1137 893 1186 936 et
1232 889 1477 936 mandauit
1525 904 1643 952 quos
1688 888 2001 952 personaliter
2045 890 2364 952 apprehensos

435 978 581 1024 citaui
620 978 804 1025 decimo
838 978 989 1025 tercio
1028 978 1104 1024 die
1143 977 1259 1025 dicti
1298 977 1474 1025 mensis
1512 992 1670 1024 coram
1708 977 1800 1025 hiis
1834 977 2039 1026 testibus
2061 977 2146 1025 viz.
2172 977 2362 1026 domino

436 1065 651 1114 Gilberto
691 1065 908 1113 Nicholai
931 1065 965 1112 J
969 1066 1152 1113 ohanne
1179 1064 1411 1126 Nicholaij
1441 1065 1630 1112 domino
1663 1065 1698 1111 J
1702 1065 1885 1113 ohanne
1910 1065 2063 1129 Barry
2087 1069 2136 1113 et
2172 1066 2361 1114 domino

436 1154 629 1201 Andrea
654 1154 838 1201 Betone
879 1153 1137 1216 capellanis
1172 1154 1233 1200 ad
1269 1154 1634 1216 comparendum
1659 1169 1817 1201 coram
1841 1153 2056 1217 predicto
2073 1153 2233 1215 judice
2257 1154 2365 1202 sub-

431 1242 602 1289 stituto
645 1242 773 1289 dicto
815 1242 999 1289 decimo
1040 1242 1206 1304 quinto
1253 1241 1328 1288 die
1375 1241 1550 1290 mensis
1597 1241 1842 1289 Februarii
1882 1242 1943 1289 ad
1985 1243 2360 1305 respondendum

431 1330 743 1392 positionibus
779 1334 828 1378 et
866 1329 1079 1377 articulis
1115 1329 1394 1393 subscriptis
1430 1345 1515 1392 per
1553 1329 1732 1377 dictum
1770 1330 2079 1378 reuerendum
2103 1334 2286 1393 patrem
2311 1331 2358 1377 in

424 1418 605 1479 judicio
630 1418 855 1467 exhibitis
880 1434 1076 1482 quorum
1100 1417 1405 1466 articulorum
1430 1422 1568 1466 tenor
1590 1418 1804 1482 sequitur
1841 1446 1850 1456 ·

501 1506 748 1554 Articulos
788 1507 1079 1570 subscriptos
1116 1507 1199 1555 dat
1250 1511 1298 1554 et
1351 1506 1544 1554 exhibet
1583 1507 1868 1555 reuerendus
1921 1507 1969 1554 in
2030 1507 2188 1556 Cristo
2224 1512 2362 1571 pater

427 1595 460 1640 J
465 1595 674 1642 ohannes
697 1595 945 1658 episcopus
970 1595 1304 1643 Brechinensis
1328 1611 1470 1658 super
1493 1595 1662 1658 quibus
1684 1595 1900 1644 omnibus
1936 1600 1984 1643 et
2020 1596 2214 1660 singulis
2237 1597 2359 1660 petit

428 1688 579 1731 testes
601 1700 686 1746 per
709 1683 860 1746 ipsum
884 1684 1211 1746 producendos
1234 1683 1506 1746 singillatim
1543 1687 1592 1731 et
1627 1683 1928 1746 singulariter
1951 1685 2213 1733 examinari
2231 1686 2362 1748 jura-

428 1777 588 1820 mento
612 1773 672 1819 ab
697 1772 874 1820 eisdem
898 1773 1028 1835 prius
1062 1772 1263 1835 prestito
1288 1773 1346 1820 de
1369 1772 1571 1820 veritate
1596 1772 1797 1820 dicenda
1827 1774 1886 1820 de
1920 1773 2115 1836 singulis
2151 1803 2161 1811 ·
2200 1774 2359 1822 Primo

427 1862 543 1909 dicit
566 1866 616 1909 et
639 1862 840 1924 probare
864 1861 1070 1909 intendit
1108 1862 1233 1924 quod
1258 1861 1305 1908 in
1330 1861 1475 1923 burgo
1500 1861 1558 1908 de
1584 1861 1829 1909 Montross
1857 1866 1931 1910 est
1967 1863 2201 1925 quoddam
2226 1867 2359 1910 tene-

426 1954 635 1997 mentum
653 1950 777 2012 quod
794 1953 989 1997 vocatur
1004 1949 1280 1997 Falconaris
1293 1949 1448 1997 landis
1488 1977 1497 1986 ·
1536 1949 1754 1997 Secundo
1772 1950 1896 2013 quod
1916 1950 2094 1999 dictum
2117 1955 2358 1999 tenemen-

424 2043 527 2086 tum
550 2038 860 2086 communiter
883 2042 932 2085 et
956 2037 1211 2100 vulgariter
1227 2041 1423 2085 vocatur
1445 2053 1504 2100 ye
1529 2037 1798 2100 bischoppis
1814 2037 1969 2086 landis
1995 2066 2004 2076 ·
2043 2039 2206 2088 Tertio
2230 2041 2355 2103 quod

425 2127 603 2174 dictum
627 2130 948 2174 tenementum
973 2125 1087 2174 licet
1111 2142 1235 2175 nunc
1260 2126 1462 2174 diuisum
1497 2143 1527 2174 a
1561 2127 1708 2187 xxxvj
1746 2126 1882 2175 annis
1917 2127 2008 2175 fuit
2044 2144 2186 2175 unum
2217 2133 2356 2176 tene-

425 2219 634 2262 mentum
674 2242 684 2252 ·
722 2215 904 2269 Quarto
929 2215 1054 2278 quod
1078 2214 1160 2262 illo
1183 2219 1398 2278 tempore
1418 2230 1510 2278 quo
1532 2214 1623 2262 fuit
1647 2231 1789 2262 unum
1813 2219 2133 2264 tenementum
2151 2217 2354 2265 debebat

423 2303 589 2365 viginti
608 2303 784 2351 solidos
801 2303 943 2350 annui
969 2303 1182 2350 redditus
1206 2302 1429 2366 episcopo
1439 2303 1746 2351 Brechinensi
1773 2331 1783 2341 ·
1810 2303 1988 2359 Quinto
2005 2306 2130 2368 quod
2145 2306 2354 2370 episcopi

427 2392 769 2440 Brechinenses
792 2391 992 2440 diuersis
1014 2391 1307 2454 temporibus
1330 2395 1641 2439 namauerunt
1665 2391 1986 2442 inhabitantes
2021 2393 2198 2442 dictum
2221 2398 2355 2443 tene-

425 2485 632 2528 mentum
669 2496 756 2543 pro
779 2480 965 2543 prefato
989 2495 1145 2527 annuo
1171 2478 1360 2527 redditu
1399 2508 1408 2517 -
1449 2479 1600 2527 Sexto
1625 2480 1749 2543 quod
1773 2480 1982 2544 episcopi
2007 2481 2352 2532 Brechinenses

425 2569 547 2616 citra
571 2568 883 2631 quadraginta
905 2583 1054 2615 annos
1078 2567 1269 2615 fuerunt
1293 2567 1435 2615 soluti
1459 2568 1517 2615 de
1542 2567 1624 2616 illo
1649 2583 1804 2616 annuo
1828 2569 2016 2617 redditu
2051 2586 2136 2633 per
2170 2571 2351 2619 inhabi-

422 2661 583 2704 tantes
605 2656 654 2703 in
679 2656 808 2703 dicto
830 2659 1105 2703 tenemento
1129 2659 1218 2703 etc.

494 2745 800 2792 Examinatio
833 2744 1028 2792 testium
1066 2760 1151 2808 per
1187 2744 1365 2792 dictum
1407 2743 1614 2806 judicem
1669 2744 1974 2793 substitutum
2026 2762 2150 2795 anno
2188 2749 2264 2796 die
2301 2754 2350 2797 et

424 2849 582 2882 mense
607 2833 939 2896 suprascriptis
975 2833 1024 2879 in
1061 2832 1304 2896 presentia
1327 2832 1636 2880 discretorum
1674 2832 1878 2880 virorum
1906 2833 2058 2896 judici
2091 2835 2349 2885 substituto

421 2921 742 2970 assistentium
767 2921 851 2967 viz.
876 2921 1088 2983 magistri
1114 2920 1316 2968 Roberti
1351 2921 1410 2968 de
1446 2919 1657 2984 Hoprew
1681 2920 1857 2968 domini
1882 2920 2144 2969 Alexandri
2169 2923 2347 2972 Thome

420 3009 583 3057 vicarii
607 3009 664 3055 de
690 3008 968 3056 Stracathro
993 3013 1042 3056 et
1067 3009 1243 3056 domini
1270 3008 1466 3057 Patricii
1486 3007 1704 3056 Nicholai
1737 3009 1890 3057 scribe
1933 3010 2060 3057 curie
2084 3011 2348 3074 apostolica

419 3103 468 3145 et
508 3096 741 3159 imperiali
780 3096 1119 3144 autoritatibus
1153 3095 1446 3159 publicorum
1481 3096 1769 3144 notariorum
1812 3123 1822 3134 ·
1859 3096 2046 3146 Primus
2085 3099 2224 3147 testis
2263 3102 2346 3149 viz.

420 3186 645 3248 magister
668 3184 959 3232 Cuthbertus
984 3184 1183 3232 Henrici
1207 3185 1415 3233 decanus
1437 3184 1636 3232 ecclesie
1656 3184 1991 3234 Brechinensis
2018 3189 2345 3249 octogenarius

416 3278 464 3321 et
513 3272 638 3321 ultra
666 3273 853 3334 juratus
902 3276 951 3319 et
1002 3271 1251 3334 diligenter
1299 3273 1599 3320 examinatus
1633 3273 1693 3320 ad
1729 3273 1929 3336 primum
1977 3275 2227 3324 articulum
2276 3294 2348 3326 re-
