2950 3970
482 654 515 706 6
658 655 1120 710 REGISTRUM
1160 656 1287 709 EPI
1296 655 1379 709 SC
1388 655 1483 709 ΟΡ
1493 655 1699 709 ATUS
1740 654 2333 710 BRECHINENSIS.

479 844 632 888 terum
659 848 936 907 reparentur
972 844 1095 892 sicut
1118 844 1348 892 hactenus
1372 844 1482 890 dum
1508 843 1686 890 dictum
1711 841 2030 890 molendinum
2062 843 2153 890 fuit
2189 843 2238 889 in
2273 857 2415 889 manu

475 945 582 977 mea
615 932 862 980 consueuit
899 933 1013 980 fieri.
1087 931 1421 979 Molendinarii
1458 946 1569 978 vero
1606 930 1722 978 dicti
1754 930 2010 978 molendini
2032 947 2118 994 per
2141 931 2415 993 magistrum

478 1018 604 1066 dicte
629 1020 795 1068 domus
831 1024 880 1068 et
915 1037 1008 1069 non
1033 1037 1117 1084 per
1148 1019 1291 1068 alium
1328 1018 1513 1067 institui
1546 1022 1595 1066 et
1635 1018 1832 1067 destitui
1856 1019 2043 1068 debent.
2116 1019 2239 1067 Volo
2263 1019 2413 1067 eciam

475 1108 599 1169 quod
637 1107 752 1155 dicti
789 1108 1014 1171 magister
1059 1112 1109 1156 et
1154 1108 1369 1155 homines
1404 1107 1668 1155 existentes
1714 1107 1763 1153 in
1805 1105 1936 1154 dicta
1976 1108 2115 1154 domo
2155 1112 2204 1155 et
2251 1122 2415 1155 omnes

471 1195 684 1244 homines
719 1196 767 1243 in
803 1211 961 1244 eorum
996 1196 1138 1245 terris
1171 1195 1446 1243 habitantes
1479 1211 1510 1243 a
1546 1195 1850 1258 reparacione
1886 1195 2119 1243 dictorum
2166 1196 2322 1258 stagni
2363 1200 2413 1243 et

475 1283 731 1332 molendini
755 1285 850 1333 sint
874 1285 1117 1333 immunes.
1166 1284 1290 1332 Volo
1314 1284 1506 1348 insuper
1528 1285 1652 1347 quod
1689 1283 1768 1330 ubi
1791 1287 1917 1330 terre
1943 1283 2069 1332 dicte
2105 1285 2272 1333 domus
2304 1288 2413 1332 sunt

471 1372 690 1435 contigue
728 1374 1002 1422 adiacentes
1036 1373 1177 1422 terris
1212 1373 1330 1422 meis
1367 1373 1492 1437 quod
1527 1373 1587 1420 ab
1623 1388 1783 1420 eorum
1816 1372 1955 1420 terris
1977 1372 2183 1420 habeant
2207 1389 2414 1420 commu-

470 1477 578 1508 nem
614 1466 856 1524 pasturam
894 1462 1018 1509 inter
1051 1466 1226 1510 terram
1262 1477 1416 1509 meam
1452 1461 1630 1509 eisdem
1668 1460 1980 1508 adiacentem.
2054 1461 2326 1509 Tenendam
2363 1466 2413 1508 et

469 1549 733 1597 habendam
777 1551 988 1613 predicte
1031 1551 1190 1598 domni
1229 1550 1453 1613 magistro
1491 1549 1750 1613 capellanis
1783 1565 1840 1597 ac
1875 1550 2160 1612 pauperibus
2199 1551 2408 1599 eiusdem

469 1638 637 1687 domus
672 1639 1017 1702 imperpetuum
1053 1655 1159 1686 cum
1194 1639 1410 1687 omnibus
1455 1638 1731 1686 asiamentis
1775 1638 1837 1684 ad
1884 1637 2043 1685 villam
2080 1639 2138 1686 de
2175 1639 2410 1686 Brechine

469 1727 796 1789 spectantibus
842 1727 890 1774 in
936 1727 1080 1775 moris
1125 1731 1174 1775 et
1221 1727 1436 1775 maresiis
1481 1727 1530 1774 in
1569 1726 1721 1790 pratis
1760 1726 1948 1789 pascuis
1989 1730 2038 1774 et
2083 1728 2408 1776 communibus

466 1816 674 1878 pasturis
709 1815 757 1862 in
790 1815 988 1879 petariis
1023 1819 1072 1863 et
1107 1816 1156 1863 in
1191 1815 1407 1864 omnibus
1429 1814 1537 1864 aliis
1558 1814 1860 1862 libertatibus
1888 1819 1938 1862 et
1972 1814 2249 1864 asiamentis
2282 1816 2408 1864 inter

466 1907 644 1952 terram
694 1920 846 1951 meam
896 1905 954 1951 de
1002 1904 1237 1952 Brechine
1284 1903 1601 1952 existentibus
1646 1908 1746 1950 tam
1793 1919 1879 1966 pro
1925 1903 2093 1967 seipsis
2139 1920 2280 1967 quam
2320 1922 2406 1968 pro

464 1992 733 2041 hominibus
767 1992 866 2041 suis
900 1992 1227 2041 habitantibus
1260 1992 1383 2040 infra
1417 1992 1594 2040 diuisas
1628 1991 1867 2055 predictas
1903 1992 2023 2040 adeo
2064 1991 2211 2041 libere
2247 1994 2406 2057 quiete

464 2080 675 2144 plenarie
711 2085 761 2129 et
794 2081 1050 2129 honorifice
1085 2081 1208 2128 sicut
1243 2080 1404 2144 aliqua
1426 2080 1670 2128 elimosina
1706 2080 1753 2126 in
1789 2095 1931 2143 regno
1961 2081 2128 2129 Scocie
2162 2099 2193 2130 a
2227 2083 2401 2132 comite

463 2169 540 2217 vel
584 2170 763 2218 barone
810 2170 859 2216 in
917 2185 1084 2232 puram
1143 2173 1192 2216 et
1249 2173 1528 2232 perpetuam
1575 2168 1868 2216 elimosinam
1916 2169 2031 2216 data
2084 2173 2133 2217 et
2180 2186 2407 2220 concessa

464 2258 659 2306 liberius
691 2258 903 2322 quiecius
935 2257 1121 2321 plenius
1152 2261 1202 2305 et
1230 2257 1620 2305 honorificencius
1653 2260 1846 2304 tenetur
1869 2260 1919 2304 et
1953 2257 2235 2320 possidetur.
2308 2260 2406 2308 Nec

465 2346 572 2395 volo
608 2348 731 2410 quod
768 2346 959 2410 aliquod
997 2345 1189 2394 soluunt
1227 2346 1416 2393 racione
1454 2345 1771 2408 predictorum
1807 2345 1899 2393 nisi
1933 2349 2120 2394 tantum
2154 2363 2321 2411 preces
2355 2354 2405 2397 et

468 2435 712 2483 oraciones
759 2435 946 2483 debitas
980 2438 1029 2482 et
1065 2435 1264 2482 denotas
1310 2438 1359 2481 et
1406 2449 1493 2496 ego
1531 2433 1802 2481 Willelmus
1837 2438 1886 2481 et
1933 2434 2133 2483 heredes
2172 2438 2265 2484 mei
2300 2454 2406 2500 pre-

470 2525 647 2571 dictam
680 2527 856 2571 terram
891 2526 1046 2570 totam
1081 2526 1130 2570 et
1165 2522 1429 2585 predictum
1466 2521 1783 2569 molendinum
1808 2537 1913 2568 cum
1938 2523 2154 2572 omnibus
2177 2525 2407 2574 asiamen-

469 2614 535 2661 tis
581 2618 630 2660 et
676 2611 983 2675 pertinenciis
1029 2611 1127 2659 suis
1172 2614 1313 2674 prout
1360 2610 1577 2674 superius
1632 2609 1818 2673 plenius
1864 2610 2134 2659 continetur
2191 2614 2404 2676 predicte

473 2702 631 2750 domui
661 2706 710 2749 et
745 2700 970 2763 magistro
1006 2699 1264 2763 capellanis
1298 2703 1348 2746 et
1383 2698 1667 2762 pauperibus
1707 2702 1873 2745 contra
1907 2714 2070 2747 omnes
2103 2700 2317 2750 homines
2356 2708 2405 2751 et

468 2791 668 2839 feminas
721 2788 1115 2836 varantizabimus
1169 2788 1515 2851 imperpetuum
1573 2785 1950 2849 acquietabimus
2003 2791 2052 2835 et
2100 2789 2403 2840 defendemus

467 2886 566 2928 tam
591 2880 640 2926 in
662 2877 908 2926 forinsecis
943 2892 1083 2940 quam
1119 2876 1167 2923 in
1191 2875 1310 2924 aliis.
1383 2875 1448 2922 Et
1483 2874 1725 2923 sciendum
1749 2875 1874 2937 quod
1898 2889 2004 2922 cum
2029 2877 2253 2938 magister
2276 2877 2402 2928 illius

470 2970 633 3016 domus
656 2965 912 3014 decesserit
947 2964 1022 3011 vel
1057 2963 1347 3012 decesserint
1384 2962 1505 3010 alius
1538 2962 1645 3010 loco
1667 2961 1740 3010 sui
1762 2977 1848 3024 per
1870 2978 1944 3009 me
1967 2963 2166 3012 heredes
2199 2981 2329 3015 meos
2353 2973 2402 3016 et

467 3073 560 3105 non
594 3071 678 3119 per
717 3054 861 3101 alium
897 3052 1118 3116 episcopo
1162 3051 1257 3099 loci
1292 3051 1372 3115 qui
1407 3067 1492 3115 pro
1526 3055 1740 3114 tempore
1773 3050 1915 3098 fuerit
1951 3051 2093 3099 debet
2138 3058 2400 3115 presentari

467 3150 516 3193 et
542 3145 602 3192 ad
634 3147 844 3191 nostram
879 3140 1284 3203 presentacionem
1318 3139 1493 3187 ibidem
1517 3139 1715 3187 institui.
1786 3138 2082 3188 Remanente
2106 3141 2257 3190 eidem
2281 3145 2403 3208 epis-

467 3249 586 3296 copo
620 3229 948 3279 tautummodo
983 3244 1096 3276 cura
1131 3227 1444 3291 spiritualium
1492 3231 1541 3275 et
1588 3226 1840 3275 obseruate
1884 3227 2027 3275 michi
2061 3232 2109 3277 et
2151 3230 2402 3282 heredibus

467 3322 586 3369 meis
607 3323 793 3368 tantum
823 3317 929 3378 jure
953 3320 1245 3379 patronatus.
1316 3316 1382 3364 Et
1408 3316 1631 3378 magister
1662 3315 1788 3363 dicte
1832 3316 1997 3364 domus
2038 3319 2117 3379 qui
2152 3319 2212 3365 ad
2248 3335 2400 3369 meam
