<?xml version="1.0" encoding="UTF-8"?>
<!DOCTYPE html PUBLIC "-//W3C//DTD XHTML 1.0 Transitional//EN"
    "http://www.w3.org/TR/xhtml1/DTD/xhtml1-transitional.dtd">
<html xmlns="http://www.w3.org/1999/xhtml" xml:lang="en" lang="en">
 <head>
  <title>
</title>
<meta http-equiv="Content-Type" content="text/html;charset=utf-8" />
  <meta name='ocr-system' content='tesseract 3.04.00' />
  <meta name='ocr-capabilities' content='ocr_page ocr_carea ocr_par ocr_line ocrx_word'/>
</head>
<body>
  <div class='ocr_page' id='page_1' title='image "./registrumepiscop01brecuoft_0129.png"; bbox 0 0 2950 3970; ppageno 0'>
   <div class='ocr_carea' id='block_1_1' title="bbox 664 658 2454 738">
    <p class='ocr_par' dir='ltr' id='par_1_1' title="bbox 664 658 2454 738">
     <span class='ocr_line' id='line_1_1' title="bbox 664 658 2454 738; baseline 0.015 -27"><span class='ocrx_word' id='word_1_1' title='bbox 664 658 1128 717; x_wconf 78' lang='lat' dir='ltr'><strong>REGISTRUM</strong></span> <span class='ocrx_word' id='word_1_2' title='bbox 1167 665 1704 726; x_wconf 82' lang='lat' dir='ltr'>EPISCOPATUS</span> <span class='ocrx_word' id='word_1_3' title='bbox 1745 674 2328 735; x_wconf 82' lang='lat' dir='ltr'><strong>BRECHINENSIS.</strong></span> <span class='ocrx_word' id='word_1_4' title='bbox 2388 686 2454 738; x_wconf 87' lang='lat'><strong>19</strong></span> 
     </span>
    </p>
   </div>
   <div class='ocr_carea' id='block_1_2' title="bbox 523 847 2450 1267">
    <p class='ocr_par' dir='ltr' id='par_1_2' title="bbox 523 847 2450 1267">
     <span class='ocr_line' id='line_1_2' title="bbox 527 847 2450 930; baseline 0.014 -39"><span class='ocrx_word' id='word_1_5' title='bbox 527 861 614 908; x_wconf 93' lang='lat' dir='ltr'><strong>pro</strong></span> <span class='ocrx_word' id='word_1_6' title='bbox 654 850 770 894; x_wconf 89' lang='lat' dir='ltr'><strong>tunc</strong></span> <span class='ocrx_word' id='word_1_7' title='bbox 806 847 854 894; x_wconf 90' lang='lat' dir='ltr'><strong>in</strong></span> <span class='ocrx_word' id='word_1_8' title='bbox 894 850 1070 898; x_wconf 91' lang='lat' dir='ltr'><strong>eisdem</strong></span> <span class='ocrx_word' id='word_1_9' title='bbox 1109 854 1274 903; x_wconf 90' lang='lat' dir='ltr'><strong>officiis</strong></span> <span class='ocrx_word' id='word_1_10' title='bbox 1311 857 1529 906; x_wconf 90' lang='lat' dir='ltr'><strong>ordinare</strong></span> <span class='ocrx_word' id='word_1_11' title='bbox 1559 860 1666 921; x_wconf 86' lang='lat' dir='ltr'><strong>jure</strong></span> <span class='ocrx_word' id='word_1_12' title='bbox 1707 864 2069 924; x_wconf 76' lang='lat' dir='ltr'>presentationis</span> <span class='ocrx_word' id='word_1_13' title='bbox 2109 883 2252 930; x_wconf 89' lang='lat' dir='ltr'><strong>penes</strong></span> <span class='ocrx_word' id='word_1_14' title='bbox 2291 885 2364 916; x_wconf 89' lang='lat' dir='ltr'><strong>me</strong></span> <span class='ocrx_word' id='word_1_15' title='bbox 2403 876 2450 918; x_wconf 90' lang='lat' dir='ltr'><strong>et</strong></span> 
     </span>
     <span class='ocr_line' id='line_1_3' title="bbox 527 934 2447 1009; baseline 0.013 -29"><span class='ocrx_word' id='word_1_16' title='bbox 527 934 725 983; x_wconf 88' lang='lat' dir='ltr'><strong>heredes</strong></span> <span class='ocrx_word' id='word_1_17' title='bbox 748 952 879 985; x_wconf 92' lang='lat' dir='ltr'><strong>meos</strong></span> <span class='ocrx_word' id='word_1_18' title='bbox 902 937 1180 1002; x_wconf 87' lang='lat' dir='ltr'><strong>simpliciter</strong></span> <span class='ocrx_word' id='word_1_19' title='bbox 1211 942 1330 991; x_wconf 88' lang='lat' dir='ltr'><strong>alias</strong></span> <span class='ocrx_word' id='word_1_20' title='bbox 1364 945 1485 993; x_wconf 86' lang='lat' dir='ltr'><strong>sicut</strong></span> <span class='ocrx_word' id='word_1_21' title='bbox 1520 948 1809 1009; x_wconf 76' lang='lat' dir='ltr'><strong>premittitur</strong></span> <span class='ocrx_word' id='word_1_22' title='bbox 1830 951 2157 1002; x_wconf 83' lang='lat' dir='ltr'>nichilominus</span> <span class='ocrx_word' id='word_1_23' title='bbox 2181 963 2447 1005; x_wconf 85' lang='lat' dir='ltr'><strong>remanente</strong></span> 
     </span>
     <span class='ocr_line' id='line_1_4' title="bbox 527 1023 2443 1104; baseline 0.013 -35"><span class='ocrx_word' id='word_1_24' title='bbox 527 1023 587 1070; x_wconf 90' lang='lat' dir='ltr'><strong>In</strong></span> <span class='ocrx_word' id='word_1_25' title='bbox 612 1023 745 1072; x_wconf 91' lang='lat' dir='ltr'><strong>cuius</strong></span> <span class='ocrx_word' id='word_1_26' title='bbox 782 1025 874 1073; x_wconf 88' lang='lat' dir='ltr'><strong>Rei</strong></span> <span class='ocrx_word' id='word_1_27' title='bbox 908 1027 1232 1077; x_wconf 90' lang='lat' dir='ltr'><strong>testimonium</strong></span> <span class='ocrx_word' id='word_1_28' title='bbox 1257 1031 1459 1094; x_wconf 88' lang='lat' dir='ltr'><strong>sigillum</strong></span> <span class='ocrx_word' id='word_1_29' title='bbox 1482 1050 1635 1083; x_wconf 91' lang='lat' dir='ltr'><strong>meum</strong></span> <span class='ocrx_word' id='word_1_30' title='bbox 1661 1039 1954 1099; x_wconf 82' lang='lat' dir='ltr'><strong>presentibus</strong></span> <span class='ocrx_word' id='word_1_31' title='bbox 1989 1043 2195 1104; x_wconf 91' lang='lat' dir='ltr'><strong>apposui.</strong></span> <span class='ocrx_word' id='word_1_32' title='bbox 2267 1043 2443 1092; x_wconf 91' lang='lat' dir='ltr'><strong>Datum</strong></span> 
     </span>
     <span class='ocr_line' id='line_1_5' title="bbox 525 1113 2445 1180; baseline 0.012 -23"><span class='ocrx_word' id='word_1_33' title='bbox 525 1113 652 1176; x_wconf 91' lang='lat' dir='ltr'><strong>apud</strong></span> <span class='ocrx_word' id='word_1_34' title='bbox 689 1113 966 1177; x_wconf 84' lang='lat' dir='ltr'><strong>Edinburgh</strong></span> <span class='ocrx_word' id='word_1_35' title='bbox 992 1117 1175 1166; x_wconf 89' lang='lat' dir='ltr'><strong>decimo</strong></span> <span class='ocrx_word' id='word_1_36' title='bbox 1206 1123 1376 1168; x_wconf 91' lang='lat' dir='ltr'><strong>octauo</strong></span> <span class='ocrx_word' id='word_1_37' title='bbox 1412 1122 1486 1170; x_wconf 92' lang='lat' dir='ltr'><strong>die</strong></span> <span class='ocrx_word' id='word_1_38' title='bbox 1524 1123 1804 1174; x_wconf 90' lang='lat' dir='ltr'><strong>Nouembris</strong></span> <span class='ocrx_word' id='word_1_39' title='bbox 1837 1143 1959 1175; x_wconf 91' lang='lat' dir='ltr'><strong>anno</strong></span> <span class='ocrx_word' id='word_1_40' title='bbox 1985 1129 2175 1177; x_wconf 87' lang='lat' dir='ltr'><strong>Domini</strong></span> <span class='ocrx_word' id='word_1_41' title='bbox 2202 1131 2445 1180; x_wconf 90' lang='lat' dir='ltr'><strong>millesimo</strong></span> 
     </span>
     <span class='ocr_line' id='line_1_6' title="bbox 523 1202 1189 1267; baseline 0.008 -19"><span class='ocrx_word' id='word_1_42' title='bbox 523 1202 858 1250; x_wconf 88' lang='lat' dir='ltr'><strong>trecentesimo</strong></span> <span class='ocrx_word' id='word_1_43' title='bbox 881 1206 1189 1267; x_wconf 86' lang='lat' dir='ltr'><strong>sexagesimo.</strong></span> 
     </span>
    </p>
   </div>
   <div class='ocr_carea' id='block_1_3' title="bbox 522 1410 2443 1563">
    <p class='ocr_par' dir='ltr' id='par_1_3' title="bbox 522 1410 2443 1563">
     <span class='ocr_line' id='line_1_7' title="bbox 525 1410 2443 1490; baseline 0.01 -33"><span class='ocrx_word' id='word_1_44' title='bbox 525 1410 807 1459; x_wconf 90' lang='lat' dir='ltr'><strong>Declaracio</strong></span> <span class='ocrx_word' id='word_1_45' title='bbox 847 1412 1055 1477; x_wconf 81' lang='lat' dir='ltr'><strong>episcopi</strong></span> <span class='ocrx_word' id='word_1_46' title='bbox 1105 1416 1438 1469; x_wconf 86' lang='lat' dir='ltr'><strong>Brechinensis</strong></span> <span class='ocrx_word' id='word_1_47' title='bbox 1483 1437 1682 1469; x_wconf 90' lang='lat' dir='ltr'><strong>unacum</strong></span> <span class='ocrx_word' id='word_1_48' title='bbox 1727 1427 1832 1470; x_wconf 90' lang='lat' dir='ltr'><strong>toto</strong></span> <span class='ocrx_word' id='word_1_49' title='bbox 1879 1425 2082 1488; x_wconf 86' lang='lat' dir='ltr'><strong>capitulo</strong></span> <span class='ocrx_word' id='word_1_50' title='bbox 2120 1427 2177 1474; x_wconf 91' lang='lat' dir='ltr'><strong>de</strong></span> <span class='ocrx_word' id='word_1_51' title='bbox 2217 1427 2443 1490; x_wconf 87' lang='lat' dir='ltr'><strong>qualitate</strong></span> 
     </span>
     <span class='ocr_line' id='line_1_8' title="bbox 522 1499 1124 1563; baseline 0.008 -17"><span class='ocrx_word' id='word_1_52' title='bbox 522 1499 867 1563; x_wconf 84' lang='lat' dir='ltr'><strong>prebendarum</strong></span> <span class='ocrx_word' id='word_1_53' title='bbox 900 1501 1124 1551; x_wconf 90' lang='lat' dir='ltr'><strong>eiusdem.</strong></span> 
     </span>
    </p>
   </div>
   <div class='ocr_carea' id='block_1_4' title="bbox 435 1621 2442 3407">
    <p class='ocr_par' dir='ltr' id='par_1_4' title="bbox 435 1621 2442 3407">
     <span class='ocr_line' id='line_1_9' title="bbox 435 1621 2442 1731; baseline 0.009 -32"><span class='ocrx_word' id='word_1_54' title='bbox 435 1630 496 1676; x_wconf 69' lang='lat'><strong>15</strong></span> <span class='ocrx_word' id='word_1_55' title='bbox 532 1621 820 1706; x_wconf 85' lang='lat' dir='ltr'><strong>Uniuersis</strong></span> <span class='ocrx_word' id='word_1_56' title='bbox 854 1662 1019 1707; x_wconf 90' lang='lat' dir='ltr'><strong>sancte</strong></span> <span class='ocrx_word' id='word_1_57' title='bbox 1054 1660 1220 1708; x_wconf 90' lang='lat' dir='ltr'><strong>matris</strong></span> <span class='ocrx_word' id='word_1_58' title='bbox 1244 1660 1442 1709; x_wconf 83' lang='lat' dir='ltr'><strong>ecclesie</strong></span> <span class='ocrx_word' id='word_1_59' title='bbox 1477 1662 1585 1711; x_wconf 90' lang='lat' dir='ltr'><strong>filiis</strong></span> <span class='ocrx_word' id='word_1_60' title='bbox 1619 1665 1680 1712; x_wconf 91' lang='lat' dir='ltr'><strong>ad</strong></span> <span class='ocrx_word' id='word_1_61' title='bbox 1715 1681 1909 1728; x_wconf 90' lang='lat' dir='ltr'><strong>quorum</strong></span> <span class='ocrx_word' id='word_1_62' title='bbox 1945 1667 2167 1715; x_wconf 87' lang='lat' dir='ltr'><strong>noticiam</strong></span> <span class='ocrx_word' id='word_1_63' title='bbox 2202 1674 2442 1731; x_wconf 85' lang='lat' dir='ltr'><strong>presentes</strong></span> 
     </span>
     <span class='ocr_line' id='line_1_10' title="bbox 519 1744 2442 1818; baseline 0.007 -26"><span class='ocrx_word' id='word_1_64' title='bbox 519 1744 680 1794; x_wconf 88' lang='lat' dir='ltr'><strong>littere</strong></span> <span class='ocrx_word' id='word_1_65' title='bbox 714 1747 1017 1810; x_wconf 77' lang='lat' dir='ltr'><strong>per-uenerint</strong></span> <span class='ocrx_word' id='word_1_66' title='bbox 1055 1748 1292 1796; x_wconf 84' lang='lat' dir='ltr'><strong>Patricius</strong></span> <span class='ocrx_word' id='word_1_67' title='bbox 1326 1749 1626 1799; x_wconf 90' lang='lat' dir='ltr'><strong>miseratione</strong></span> <span class='ocrx_word' id='word_1_68' title='bbox 1650 1753 1810 1800; x_wconf 87' lang='lat' dir='ltr'><strong>diuina</strong></span> <span class='ocrx_word' id='word_1_69' title='bbox 1834 1755 2077 1818; x_wconf 89' lang='lat' dir='ltr'><strong>episeopus</strong></span> <span class='ocrx_word' id='word_1_70' title='bbox 2114 1757 2442 1806; x_wconf 87' lang='lat' dir='ltr'><strong>Brechinensis</strong></span> 
     </span>
     <span class='ocr_line' id='line_1_11' title="bbox 519 1835 2439 1905; baseline 0.005 -23"><span class='ocrx_word' id='word_1_71' title='bbox 519 1838 569 1882; x_wconf 90' lang='lat' dir='ltr'><strong>et</strong></span> <span class='ocrx_word' id='word_1_72' title='bbox 593 1835 803 1883; x_wconf 90' lang='lat' dir='ltr'><strong>eiusdem</strong></span> <span class='ocrx_word' id='word_1_73' title='bbox 837 1835 931 1884; x_wconf 92' lang='lat' dir='ltr'><strong>loci</strong></span> <span class='ocrx_word' id='word_1_74' title='bbox 966 1836 1224 1900; x_wconf 87' lang='lat' dir='ltr'><strong>capitulum</strong></span> <span class='ocrx_word' id='word_1_75' title='bbox 1250 1837 1450 1886; x_wconf 90' lang='lat' dir='ltr'><strong>salutem</strong></span> <span class='ocrx_word' id='word_1_76' title='bbox 1486 1839 1534 1886; x_wconf 94' lang='lat' dir='ltr'><strong>in</strong></span> <span class='ocrx_word' id='word_1_77' title='bbox 1571 1840 1759 1889; x_wconf 91' lang='lat' dir='ltr'><strong>domino</strong></span> <span class='ocrx_word' id='word_1_78' title='bbox 1790 1843 2130 1905; x_wconf 88' lang='lat' dir='ltr'><strong>sempiternam.</strong></span> <span class='ocrx_word' id='word_1_79' title='bbox 2203 1844 2439 1893; x_wconf 88' lang='lat' dir='ltr'><strong>Noueritis</strong></span> 
     </span>
     <span class='ocr_line' id='line_1_12' title="bbox 518 1924 2438 1993; baseline 0.005 -23"><span class='ocrx_word' id='word_1_80' title='bbox 518 1939 604 1972; x_wconf 92' lang='lat' dir='ltr'><strong>nos</strong></span> <span class='ocrx_word' id='word_1_81' title='bbox 628 1924 675 1971; x_wconf 95' lang='lat' dir='ltr'><strong>in</strong></span> <span class='ocrx_word' id='word_1_82' title='bbox 698 1928 862 1974; x_wconf 88' lang='lat' dir='ltr'><strong>nostro</strong></span> <span class='ocrx_word' id='word_1_83' title='bbox 881 1925 1089 1988; x_wconf 89' lang='lat' dir='ltr'><strong>capitulo</strong></span> <span class='ocrx_word' id='word_1_84' title='bbox 1115 1926 1191 1973; x_wconf 91' lang='lat' dir='ltr'><strong>die</strong></span> <span class='ocrx_word' id='word_1_85' title='bbox 1216 1927 1523 1976; x_wconf 88' lang='lat' dir='ltr'><strong>confectionis</strong></span> <span class='ocrx_word' id='word_1_86' title='bbox 1543 1930 1831 1992; x_wconf 90' lang='lat' dir='ltr'><strong>presentium</strong></span> <span class='ocrx_word' id='word_1_87' title='bbox 1849 1931 2157 1993; x_wconf 83' lang='lat' dir='ltr'><strong>personaliter</strong></span> <span class='ocrx_word' id='word_1_88' title='bbox 2179 1932 2438 1981; x_wconf 87' lang='lat' dir='ltr'><strong>existentes</strong></span> 
     </span>
     <span class='ocr_line' id='line_1_13' title="bbox 516 2014 2435 2081; baseline 0.004 -21"><span class='ocrx_word' id='word_1_89' title='bbox 516 2014 812 2076; x_wconf 85' lang='lat' dir='ltr'><strong>congregatis</strong></span> <span class='ocrx_word' id='word_1_90' title='bbox 847 2014 1022 2062; x_wconf 91' lang='lat' dir='ltr'><strong>ibidem</strong></span> <span class='ocrx_word' id='word_1_91' title='bbox 1058 2015 1233 2063; x_wconf 85' lang='lat' dir='ltr'><strong>nostris</strong></span> <span class='ocrx_word' id='word_1_92' title='bbox 1270 2016 1510 2064; x_wconf 89' lang='lat' dir='ltr'><strong>canonicis</strong></span> <span class='ocrx_word' id='word_1_93' title='bbox 1555 2018 1904 2081; x_wconf 86' lang='lat' dir='ltr'><strong>rectoribusque</strong></span> <span class='ocrx_word' id='word_1_94' title='bbox 1951 2023 1999 2066; x_wconf 93' lang='lat' dir='ltr'><strong>et</strong></span> <span class='ocrx_word' id='word_1_95' title='bbox 2045 2020 2229 2067; x_wconf 85' lang='lat' dir='ltr'><strong>vicariis</strong></span> <span class='ocrx_word' id='word_1_96' title='bbox 2277 2025 2435 2068; x_wconf 91' lang='lat' dir='ltr'><strong>nostre</strong></span> 
     </span>
     <span class='ocr_line' id='line_1_14' title="bbox 516 2102 2435 2170; baseline 0.003 -21"><span class='ocrx_word' id='word_1_97' title='bbox 516 2102 775 2150; x_wconf 87' lang='lat' dir='ltr'><strong>dioeceseos</strong></span> <span class='ocrx_word' id='word_1_98' title='bbox 821 2103 1084 2151; x_wconf 90' lang='lat' dir='ltr'><strong>senioribus</strong></span> <span class='ocrx_word' id='word_1_99' title='bbox 1131 2105 1190 2150; x_wconf 90' lang='lat' dir='ltr'><strong>ad</strong></span> <span class='ocrx_word' id='word_1_100' title='bbox 1249 2103 1337 2151; x_wconf 90' lang='lat' dir='ltr'><strong>hoc</strong></span> <span class='ocrx_word' id='word_1_101' title='bbox 1383 2104 1708 2167; x_wconf 87' lang='lat' dir='ltr'><strong>capitulariter</strong></span> <span class='ocrx_word' id='word_1_102' title='bbox 1752 2107 1930 2155; x_wconf 88' lang='lat' dir='ltr'><strong>vocatis</strong></span> <span class='ocrx_word' id='word_1_103' title='bbox 1975 2122 2114 2170; x_wconf 90' lang='lat' dir='ltr'><strong>super</strong></span> <span class='ocrx_word' id='word_1_104' title='bbox 2161 2108 2343 2169; x_wconf 85' lang='lat' dir='ltr'><strong>juribus</strong></span> <span class='ocrx_word' id='word_1_105' title='bbox 2387 2114 2435 2156; x_wconf 90' lang='lat' dir='ltr'><strong>et</strong></span> 
     </span>
     <span class='ocr_line' id='line_1_15' title="bbox 515 2190 2435 2259; baseline 0.003 -22"><span class='ocrx_word' id='word_1_106' title='bbox 515 2190 828 2254; x_wconf 89' lang='lat' dir='ltr'><strong>qualitatibus</strong></span> <span class='ocrx_word' id='word_1_107' title='bbox 861 2191 1147 2254; x_wconf 86' lang='lat' dir='ltr'><strong>singulorum</strong></span> <span class='ocrx_word' id='word_1_108' title='bbox 1183 2192 1511 2240; x_wconf 90' lang='lat' dir='ltr'><strong>beneficiorum</strong></span> <span class='ocrx_word' id='word_1_109' title='bbox 1547 2193 1743 2242; x_wconf 91' lang='lat' dir='ltr'><strong>ecclesie</strong></span> <span class='ocrx_word' id='word_1_110' title='bbox 1778 2199 1936 2242; x_wconf 90' lang='lat' dir='ltr'><strong>nostre</strong></span> <span class='ocrx_word' id='word_1_111' title='bbox 1970 2196 2180 2258; x_wconf 88' lang='lat' dir='ltr'><strong>predicte</strong></span> <span class='ocrx_word' id='word_1_112' title='bbox 2216 2201 2312 2243; x_wconf 88' lang='lat' dir='ltr'><strong>tam</strong></span> <span class='ocrx_word' id='word_1_113' title='bbox 2353 2213 2435 2259; x_wconf 90' lang='lat' dir='ltr'><strong>per</strong></span> 
     </span>
     <span class='ocr_line' id='line_1_16' title="bbox 514 2279 2433 2346; baseline 0.002 -19"><span class='ocrx_word' id='word_1_114' title='bbox 514 2279 856 2343; x_wconf 87' lang='lat' dir='ltr'><strong>inspectionem</strong></span> <span class='ocrx_word' id='word_1_115' title='bbox 898 2284 1183 2328; x_wconf 88' lang='lat' dir='ltr'><strong>statutorum</strong></span> <span class='ocrx_word' id='word_1_116' title='bbox 1232 2285 1281 2328; x_wconf 93' lang='lat' dir='ltr'><strong>et</strong></span> <span class='ocrx_word' id='word_1_117' title='bbox 1327 2281 1718 2329; x_wconf 88' lang='lat' dir='ltr'><strong>munimentorum</strong></span> <span class='ocrx_word' id='word_1_118' title='bbox 1766 2299 1903 2346; x_wconf 91' lang='lat' dir='ltr'><strong>quam</strong></span> <span class='ocrx_word' id='word_1_119' title='bbox 1948 2299 2032 2346; x_wconf 92' lang='lat' dir='ltr'><strong>per</strong></span> <span class='ocrx_word' id='word_1_120' title='bbox 2076 2285 2433 2332; x_wconf 89' lang='lat' dir='ltr'><strong>consuetudines</strong></span> 
     </span>
     <span class='ocr_line' id='line_1_17' title="bbox 513 2368 2435 2433; baseline 0.002 -18"><span class='ocrx_word' id='word_1_121' title='bbox 513 2369 801 2432; x_wconf 90' lang='lat' dir='ltr'><strong>approbatas</strong></span> <span class='ocrx_word' id='word_1_122' title='bbox 847 2373 896 2416; x_wconf 91' lang='lat' dir='ltr'><strong>et</strong></span> <span class='ocrx_word' id='word_1_123' title='bbox 944 2368 1056 2417; x_wconf 90' lang='lat' dir='ltr'><strong>olim</strong></span> <span class='ocrx_word' id='word_1_124' title='bbox 1102 2369 1152 2416; x_wconf 92' lang='lat' dir='ltr'><strong>in</strong></span> <span class='ocrx_word' id='word_1_125' title='bbox 1197 2369 1413 2432; x_wconf 88' lang='lat' dir='ltr'><strong>predicta</strong></span> <span class='ocrx_word' id='word_1_126' title='bbox 1457 2374 1619 2418; x_wconf 90' lang='lat' dir='ltr'><strong>nostra</strong></span> <span class='ocrx_word' id='word_1_127' title='bbox 1678 2370 1877 2418; x_wconf 88' lang='lat' dir='ltr'><strong>ecclesia</strong></span> <span class='ocrx_word' id='word_1_128' title='bbox 1934 2371 2135 2419; x_wconf 89' lang='lat' dir='ltr'><strong>usitatas</strong></span> <span class='ocrx_word' id='word_1_129' title='bbox 2191 2371 2435 2433; x_wconf 83' lang='lat' dir='ltr'><strong>diligenter</strong></span> 
     </span>
     <span class='ocr_line' id='line_1_18' title="bbox 512 2457 2429 2521; baseline 0.002 -16"><span class='ocrx_word' id='word_1_130' title='bbox 512 2458 798 2506; x_wconf 89' lang='lat' dir='ltr'><strong>tractauisse</strong></span> <span class='ocrx_word' id='word_1_131' title='bbox 856 2457 1159 2521; x_wconf 89' lang='lat' dir='ltr'><strong>inquisiuisse</strong></span> <span class='ocrx_word' id='word_1_132' title='bbox 1206 2462 1255 2505; x_wconf 95' lang='lat' dir='ltr'><strong>et</strong></span> <span class='ocrx_word' id='word_1_133' title='bbox 1302 2473 1406 2504; x_wconf 93' lang='lat' dir='ltr'><strong>cum</strong></span> <span class='ocrx_word' id='word_1_134' title='bbox 1454 2459 1739 2521; x_wconf 89' lang='lat' dir='ltr'><strong>competenti</strong></span> <span class='ocrx_word' id='word_1_135' title='bbox 1786 2458 2122 2506; x_wconf 89' lang='lat' dir='ltr'><strong>deliberatione</strong></span> <span class='ocrx_word' id='word_1_136' title='bbox 2168 2459 2429 2508; x_wconf 87' lang='lat' dir='ltr'><strong>declarasse</strong></span> 
     </span>
     <span class='ocr_line' id='line_1_19' title="bbox 514 2546 2422 2611; baseline 0.001 -17"><span class='ocrx_word' id='word_1_137' title='bbox 514 2547 642 2602; x_wconf 82' lang='lat' dir='ltr'><strong>Quot</strong></span> <span class='ocrx_word' id='word_1_138' title='bbox 667 2551 716 2595; x_wconf 90' lang='lat' dir='ltr'><strong>et</strong></span> <span class='ocrx_word' id='word_1_139' title='bbox 741 2546 900 2611; x_wconf 90' lang='lat' dir='ltr'><strong>qualia</strong></span> <span class='ocrx_word' id='word_1_140' title='bbox 934 2547 1029 2595; x_wconf 88' lang='lat' dir='ltr'><strong>sint</strong></span> <span class='ocrx_word' id='word_1_141' title='bbox 1053 2546 1280 2594; x_wconf 90' lang='lat' dir='ltr'><strong>beneficia</strong></span> <span class='ocrx_word' id='word_1_142' title='bbox 1303 2546 1529 2608; x_wconf 91' lang='lat' dir='ltr'><strong>predicta.</strong></span> <span class='ocrx_word' id='word_1_143' title='bbox 1602 2547 1666 2593; x_wconf 89' lang='lat' dir='ltr'><strong>Et</strong></span> <span class='ocrx_word' id='word_1_144' title='bbox 1692 2563 1780 2609; x_wconf 91' lang='lat' dir='ltr'><strong>que</strong></span> <span class='ocrx_word' id='word_1_145' title='bbox 1806 2546 2008 2608; x_wconf 91' lang='lat' dir='ltr'><strong>ipsorum</strong></span> <span class='ocrx_word' id='word_1_146' title='bbox 2046 2547 2309 2609; x_wconf 87' lang='lat' dir='ltr'><strong>dignitates,</strong></span> <span class='ocrx_word' id='word_1_147' title='bbox 2334 2564 2422 2610; x_wconf 93' lang='lat' dir='ltr'><strong>que</strong></span> 
     </span>
     <span class='ocr_line' id='line_1_20' title="bbox 511 2633 2430 2700; baseline -0.001 -17"><span class='ocrx_word' id='word_1_148' title='bbox 511 2636 678 2692; x_wconf 88' lang='lat' dir='ltr'><strong>officia,</strong></span> <span class='ocrx_word' id='word_1_149' title='bbox 716 2651 807 2700; x_wconf 90' lang='lat' dir='ltr'><strong>que</strong></span> <span class='ocrx_word' id='word_1_150' title='bbox 847 2635 1098 2699; x_wconf 87' lang='lat' dir='ltr'><strong>prebende.</strong></span> <span class='ocrx_word' id='word_1_151' title='bbox 1170 2633 1264 2681; x_wconf 92' lang='lat' dir='ltr'><strong>Ubi</strong></span> <span class='ocrx_word' id='word_1_152' title='bbox 1299 2633 1514 2681; x_wconf 91' lang='lat' dir='ltr'><strong>undecim</strong></span> <span class='ocrx_word' id='word_1_153' title='bbox 1551 2634 1775 2681; x_wconf 89' lang='lat' dir='ltr'><strong>beneficia</strong></span> <span class='ocrx_word' id='word_1_154' title='bbox 1815 2634 1862 2680; x_wconf 92' lang='lat' dir='ltr'><strong>in</strong></span> <span class='ocrx_word' id='word_1_155' title='bbox 1899 2634 2200 2681; x_wconf 84' lang='lat' dir='ltr'><strong>canonicatus</strong></span> <span class='ocrx_word' id='word_1_156' title='bbox 2241 2634 2287 2680; x_wconf 93' lang='lat' dir='ltr'><strong>in</strong></span> <span class='ocrx_word' id='word_1_157' title='bbox 2327 2651 2430 2698; x_wconf 89' lang='lat' dir='ltr'><strong>pre-</strong></span> 
     </span>
     <span class='ocr_line' id='line_1_21' title="bbox 511 2722 2425 2786; baseline 0 -16"><span class='ocrx_word' id='word_1_158' title='bbox 511 2724 642 2772; x_wconf 86' lang='lat' dir='ltr'><strong>dicta</strong></span> <span class='ocrx_word' id='word_1_159' title='bbox 689 2723 890 2772; x_wconf 82' lang='lat' dir='ltr'><strong>ecclesia</strong></span> <span class='ocrx_word' id='word_1_160' title='bbox 934 2722 1197 2786; x_wconf 90' lang='lat' dir='ltr'><strong>antiquitus</strong></span> <span class='ocrx_word' id='word_1_161' title='bbox 1259 2722 1456 2769; x_wconf 84' lang='lat' dir='ltr'><strong>fundata</strong></span> <span class='ocrx_word' id='word_1_162' title='bbox 1516 2722 1823 2785; x_wconf 86' lang='lat' dir='ltr'><strong>comperimus</strong></span> <span class='ocrx_word' id='word_1_163' title='bbox 1869 2727 1917 2769; x_wconf 85' lang='lat' dir='ltr'><strong>et</strong></span> <span class='ocrx_word' id='word_1_164' title='bbox 1964 2727 2136 2770; x_wconf 87' lang='lat' dir='ltr'><strong>creata.</strong></span> <span class='ocrx_word' id='word_1_165' title='bbox 2218 2723 2425 2777; x_wconf 81' lang='lat' dir='ltr'><strong>Quorum</strong></span> 
     </span>
     <span class='ocr_line' id='line_1_22' title="bbox 510 2809 2426 2876; baseline -0.002 -15"><span class='ocrx_word' id='word_1_166' title='bbox 510 2816 714 2876; x_wconf 89' lang='lat' dir='ltr'><strong>quatuor</strong></span> <span class='ocrx_word' id='word_1_167' title='bbox 734 2816 844 2861; x_wconf 87' lang='lat' dir='ltr'><strong>sunt</strong></span> <span class='ocrx_word' id='word_1_168' title='bbox 869 2811 1126 2874; x_wconf 84' lang='lat' dir='ltr'><strong>dignitates</strong></span> <span class='ocrx_word' id='word_1_169' title='bbox 1163 2809 1396 2857; x_wconf 84' lang='lat' dir='ltr'><strong>videlicet.</strong></span> <span class='ocrx_word' id='word_1_170' title='bbox 1467 2810 1754 2864; x_wconf 89' lang='lat' dir='ltr'><strong>Decanatus,</strong></span> <span class='ocrx_word' id='word_1_171' title='bbox 1781 2810 2004 2866; x_wconf 89' lang='lat' dir='ltr'><strong>cantoria,</strong></span> <span class='ocrx_word' id='word_1_172' title='bbox 2041 2810 2334 2865; x_wconf 89' lang='lat' dir='ltr'><strong>cancellaria,</strong></span> <span class='ocrx_word' id='word_1_173' title='bbox 2377 2816 2426 2858; x_wconf 92' lang='lat' dir='ltr'><strong>et</strong></span> 
     </span>
     <span class='ocr_line' id='line_1_23' title="bbox 508 2897 2424 2965; baseline -0.002 -16"><span class='ocrx_word' id='word_1_174' title='bbox 508 2901 819 2957; x_wconf 86' lang='lat' dir='ltr'><strong>thezauraria,</strong></span> <span class='ocrx_word' id='word_1_175' title='bbox 860 2901 1074 2965; x_wconf 90' lang='lat' dir='ltr'><strong>quintum</strong></span> <span class='ocrx_word' id='word_1_176' title='bbox 1132 2914 1242 2946; x_wconf 85' lang='lat' dir='ltr'><strong>vero</strong></span> <span class='ocrx_word' id='word_1_177' title='bbox 1296 2897 1516 2946; x_wconf 86' lang='lat' dir='ltr'><strong>videlicet</strong></span> <span class='ocrx_word' id='word_1_178' title='bbox 1563 2898 1969 2946; x_wconf 88' lang='lat' dir='ltr'><strong>archidiaconatus</strong></span> <span class='ocrx_word' id='word_1_179' title='bbox 2014 2898 2214 2945; x_wconf 89' lang='lat' dir='ltr'><strong>officium</strong></span> <span class='ocrx_word' id='word_1_180' title='bbox 2259 2903 2331 2946; x_wconf 89' lang='lat' dir='ltr'><strong>est</strong></span> <span class='ocrx_word' id='word_1_181' title='bbox 2377 2901 2424 2945; x_wconf 91' lang='lat' dir='ltr'><strong>in</strong></span> 
     </span>
     <span class='ocr_line' id='line_1_24' title="bbox 509 2986 2423 3053; baseline -0.002 -15"><span class='ocrx_word' id='word_1_182' title='bbox 509 2990 712 3038; x_wconf 87' lang='lat' dir='ltr'><strong>ecclesia</strong></span> <span class='ocrx_word' id='word_1_183' title='bbox 744 2989 972 3053; x_wconf 89' lang='lat' dir='ltr'><strong>predicta.</strong></span> <span class='ocrx_word' id='word_1_184' title='bbox 1045 2988 1110 3035; x_wconf 92' lang='lat' dir='ltr'><strong>Et</strong></span> <span class='ocrx_word' id='word_1_185' title='bbox 1145 2987 1238 3035; x_wconf 89' lang='lat' dir='ltr'><strong>ista</strong></span> <span class='ocrx_word' id='word_1_186' title='bbox 1273 2986 1475 3049; x_wconf 89' lang='lat' dir='ltr'><strong>quinque</strong></span> <span class='ocrx_word' id='word_1_187' title='bbox 1516 2986 1741 3032; x_wconf 90' lang='lat' dir='ltr'><strong>beneficia</strong></span> <span class='ocrx_word' id='word_1_188' title='bbox 1774 2990 1996 3048; x_wconf 89' lang='lat' dir='ltr'><strong>tanquam</strong></span> <span class='ocrx_word' id='word_1_189' title='bbox 2031 2986 2423 3049; x_wconf 89' lang='lat' dir='ltr'><strong>incompassibilia</strong></span> 
     </span>
     <span class='ocr_line' id='line_1_25' title="bbox 509 3072 2421 3137; baseline -0.003 -11"><span class='ocrx_word' id='word_1_190' title='bbox 509 3095 618 3126; x_wconf 92' lang='lat' dir='ltr'><strong>cum</strong></span> <span class='ocrx_word' id='word_1_191' title='bbox 652 3078 760 3127; x_wconf 89' lang='lat' dir='ltr'><strong>aliis</strong></span> <span class='ocrx_word' id='word_1_192' title='bbox 795 3077 1035 3126; x_wconf 86' lang='lat' dir='ltr'><strong>beneficiis</strong></span> <span class='ocrx_word' id='word_1_193' title='bbox 1067 3078 1409 3137; x_wconf 88' lang='lat' dir='ltr'><strong>nuncupantur.</strong></span> <span class='ocrx_word' id='word_1_194' title='bbox 1480 3072 1683 3136; x_wconf 89' lang='lat' dir='ltr'><strong>Reliqua</strong></span> <span class='ocrx_word' id='word_1_195' title='bbox 1706 3089 1814 3120; x_wconf 88' lang='lat' dir='ltr'><strong>vero</strong></span> <span class='ocrx_word' id='word_1_196' title='bbox 1838 3089 1922 3121; x_wconf 89' lang='lat' dir='ltr'><strong>sex</strong></span> <span class='ocrx_word' id='word_1_197' title='bbox 1955 3074 2181 3121; x_wconf 90' lang='lat' dir='ltr'><strong>beneficia</strong></span> <span class='ocrx_word' id='word_1_198' title='bbox 2206 3074 2421 3122; x_wconf 88' lang='lat' dir='ltr'><strong>videlicet</strong></span> 
     </span>
     <span class='ocr_line' id='line_1_26' title="bbox 507 3160 2419 3230; baseline -0.004 -15"><span class='ocrx_word' id='word_1_199' title='bbox 507 3167 696 3222; x_wconf 79' lang='lat' dir='ltr'><strong>vicaria,</strong></span> <span class='ocrx_word' id='word_1_200' title='bbox 729 3164 1039 3230; x_wconf 90' lang='lat' dir='ltr'><strong>pensionaria,</strong></span> <span class='ocrx_word' id='word_1_201' title='bbox 1074 3162 1451 3216; x_wconf 90' lang='lat' dir='ltr'><strong>subdiaconatus,</strong></span> <span class='ocrx_word' id='word_1_202' title='bbox 1479 3160 1696 3216; x_wconf 88' lang='lat' dir='ltr'><strong>Kilmoir,</strong></span> <span class='ocrx_word' id='word_1_203' title='bbox 1723 3160 1953 3223; x_wconf 76' lang='lat' dir='ltr'><strong>Butirgiu,</strong></span> <span class='ocrx_word' id='word_1_204' title='bbox 1979 3165 2027 3208; x_wconf 93' lang='lat' dir='ltr'><strong>et</strong></span> <span class='ocrx_word' id='word_1_205' title='bbox 2065 3162 2276 3216; x_wconf 91' lang='lat' dir='ltr'><strong>Guthrie,</strong></span> <span class='ocrx_word' id='word_1_206' title='bbox 2312 3162 2419 3210; x_wconf 89' lang='lat' dir='ltr'><strong>sim-</strong></span> 
     </span>
     <span class='ocr_line' id='line_1_27' title="bbox 507 3248 2415 3319; baseline -0.003 -17"><span class='ocrx_word' id='word_1_207' title='bbox 507 3255 655 3319; x_wconf 91' lang='lat' dir='ltr'><strong>plices</strong></span> <span class='ocrx_word' id='word_1_208' title='bbox 689 3255 954 3318; x_wconf 88' lang='lat' dir='ltr'><strong>prebendas</strong></span> <span class='ocrx_word' id='word_1_209' title='bbox 987 3251 1243 3316; x_wconf 88' lang='lat' dir='ltr'><strong>reperimus</strong></span> <span class='ocrx_word' id='word_1_210' title='bbox 1278 3253 1326 3297; x_wconf 90' lang='lat' dir='ltr'><strong>et</strong></span> <span class='ocrx_word' id='word_1_211' title='bbox 1362 3248 1711 3312; x_wconf 88' lang='lat' dir='ltr'><strong>compassibiles</strong></span> <span class='ocrx_word' id='word_1_212' title='bbox 1751 3264 1855 3295; x_wconf 91' lang='lat' dir='ltr'><strong>cum</strong></span> <span class='ocrx_word' id='word_1_213' title='bbox 1895 3249 2120 3296; x_wconf 89' lang='lat' dir='ltr'><strong>beneficio</strong></span> <span class='ocrx_word' id='word_1_214' title='bbox 2161 3253 2322 3296; x_wconf 89' lang='lat' dir='ltr'><strong>curato</strong></span> <span class='ocrx_word' id='word_1_215' title='bbox 2367 3255 2415 3296; x_wconf 89' lang='lat' dir='ltr'><strong>et</strong></span> 
     </span>
     <span class='ocr_line' id='line_1_28' title="bbox 508 3336 2416 3407; baseline -0.004 -15"><span class='ocrx_word' id='word_1_216' title='bbox 508 3360 614 3392; x_wconf 91' lang='lat' dir='ltr'><strong>cum</strong></span> <span class='ocrx_word' id='word_1_217' title='bbox 649 3343 744 3392; x_wconf 90' lang='lat' dir='ltr'><strong>alio</strong></span> <span class='ocrx_word' id='word_1_218' title='bbox 779 3342 1120 3407; x_wconf 90' lang='lat' dir='ltr'><strong>qualicumque.</strong></span> <span class='ocrx_word' id='word_1_219' title='bbox 1195 3339 1260 3386; x_wconf 90' lang='lat' dir='ltr'><strong>Et</strong></span> <span class='ocrx_word' id='word_1_220' title='bbox 1295 3337 1405 3385; x_wconf 89' lang='lat' dir='ltr'><strong>licet</strong></span> <span class='ocrx_word' id='word_1_221' title='bbox 1439 3337 1732 3400; x_wconf 91' lang='lat' dir='ltr'><strong>prebendarii</strong></span> <span class='ocrx_word' id='word_1_222' title='bbox 1768 3336 1938 3383; x_wconf 86' lang='lat' dir='ltr'><strong>vicarie</strong></span> <span class='ocrx_word' id='word_1_223' title='bbox 1973 3340 2021 3384; x_wconf 88' lang='lat' dir='ltr'><strong>et</strong></span> <span class='ocrx_word' id='word_1_224' title='bbox 2058 3337 2416 3385; x_wconf 86' lang='lat' dir='ltr'><strong>subdiaconatus</strong></span> 
     </span>
    </p>
   </div>
  </div>
 </body>
</html>
