2950 3970
499 642 574 696 20
677 643 1139 699 REGISTRUM
1175 644 1713 700 EPISGOPATUS
1753 645 2345 701 BREOHINENSIS.

502 834 550 878 et
585 831 786 880 vicarius
821 836 1048 880 vocentur
1069 837 1120 880 et
1154 834 1449 881 subdecanus
1483 848 1597 880 voce
1631 833 1821 888 verbali,
1857 849 2016 881 curam
2056 838 2217 881 tamen
2251 833 2428 880 nullam

501 920 678 968 habent
713 936 800 968 nec
835 921 1080 984 dignitatis
1114 921 1462 984 prerogatiuam
1497 936 1585 968 nec
1621 921 1823 969 officium
1858 937 1946 969 nec
1971 922 2428 970 administrationem

501 1007 708 1071 aliquam
745 1009 790 1055 in
828 1008 1029 1057 ecclesia
1062 1009 1277 1072 predicta
1312 1008 1387 1057 vel
1421 1013 1560 1057 extra
1594 1010 1677 1058 sed
1713 1024 1872 1058 eorum
1918 1010 2147 1058 beneficia
2192 1011 2430 1074 prebende

502 1101 610 1145 sunt
656 1096 894 1160 simplices
939 1101 988 1144 et
1034 1097 1388 1160 compassibiles
1421 1101 1474 1146 ut
1509 1098 1724 1161 superius
1769 1101 1842 1146 est
1888 1102 2118 1146 notatum.
2189 1099 2248 1146 In
2297 1099 2431 1146 cuius

502 1190 661 1234 nostre
703 1190 752 1233 et
788 1185 937 1234 nostri
978 1185 1175 1248 capituli
1215 1185 1555 1234 declaracionis
1593 1186 1918 1234 testimonium
1966 1185 2168 1249 sigillum
2217 1191 2429 1235 nostrum

503 1290 703 1321 unacum
743 1273 896 1336 sigillo
935 1273 1171 1321 communi
1212 1273 1328 1322 dicti
1369 1275 1518 1323 nostri
1557 1273 1753 1339 capituli
1798 1275 2096 1338 presentibus
2141 1275 2316 1324 litteris
2358 1281 2431 1324 est

502 1378 758 1426 appensum
843 1362 1026 1411 Datum
1059 1362 1106 1409 in
1143 1364 1308 1411 eodem
1343 1362 1552 1426 capitulo
1574 1367 1738 1413 nostro
1773 1363 1821 1411 in
1854 1364 2100 1427 presencia
2122 1363 2431 1412 discretorum

504 1451 703 1498 virorum
730 1451 1021 1498 dominorum
1058 1451 1272 1514 Fergusii
1297 1452 1355 1499 de
1391 1451 1600 1500 Tulache
1623 1452 1929 1516 precentoris,
1956 1452 2152 1500 Ricardi
2177 1453 2235 1500 de
2262 1453 2431 1501 Monte

507 1539 624 1587 Alto
660 1538 941 1594 cancellarii,
979 1539 1165 1588 Mathei
1200 1541 1259 1587 de
1296 1539 1619 1588 Abirbrothoc
1642 1540 1939 1596 thezaurarii,
1965 1541 2196 1604 Stephani
2231 1542 2290 1589 de
2326 1541 2432 1589 Cel-

502 1628 620 1675 lario
665 1627 1011 1683 Archidiaconi,
1055 1627 1287 1696 Willelmi
1329 1629 1388 1676 de
1436 1628 1712 1692 Dalgarnok
1747 1629 1925 1686 vicarii,
1961 1629 2234 1693 Randulphi
2283 1630 2431 1692 Wyld

502 1716 770 1771 subdecani,
788 1716 823 1763 ,J
827 1716 1024 1764 ohannis
1042 1717 1100 1764 de
1116 1716 1269 1764 Drum
1287 1717 1585 1780 prebendarii
1604 1718 1662 1765 de
1687 1716 1924 1780 Butirgill,
1949 1717 2128 1766 Thome
2148 1719 2206 1765 de
2231 1718 2432 1767 Luchris

503 1805 799 1870 prebendarii
835 1806 894 1853 de
930 1795 1131 1868 Guthry,
1165 1805 1199 1852 J
1203 1805 1400 1854 ohannis
1437 1805 1570 1852 Wild
1605 1806 1804 1854 rectoris
1838 1806 1897 1853 de
1934 1805 2079 1868 Logy,
2103 1806 2136 1852 J
2141 1806 2338 1855 ohannis
2373 1809 2431 1855 de

505 1895 642 1942 Gaok
683 1893 845 1941 vicarii
887 1894 944 1941 de
988 1894 1237 1956 Monzeky,
1274 1893 1536 1941 Alexandri
1571 1893 1707 1956 Doge
1749 1893 1910 1941 vicarii
1957 1894 2016 1941 de
2063 1893 2428 1958 Dunnychtyne‚

505 1983 835 2030 canonicorum
868 1981 1067 2029 ecclesie
1090 1982 1318 2045 predicte,
1348 1983 1526 2029 decano
1562 1982 1610 2028 in
1645 1981 1839 2030 remotis
1873 1985 2041 2044 agente
2063 1982 2359 2045 pensionario
2383 1988 2432 2030 et

505 2071 813 2135 prebendario
850 2071 908 2118 de
945 2070 1152 2118 Kilmoir
1185 2070 1478 2119 solummodo
1514 2069 1800 2118 absentibus.
1871 2069 1965 2116 Die
1989 2070 2122 2118 Lune
2153 2070 2201 2117 in
2226 2071 2432 2119 crastino

507 2162 681 2208 Sancte
707 2158 963 2207 Trinitatis
985 2175 1108 2207 anno
1133 2158 1326 2206 Domini
1350 2158 1598 2207 millesimo
1622 2162 1755 2206 cccuuo
1777 2159 2120 2221 septuagesimo
2145 2160 2351 2208 secundo
2378 2188 2387 2197 ·

454 2381 482 2409 *
509 2371 726 2435 Cognitio
750 2371 880 2418 facta
903 2386 1061 2418 coram
1086 2369 1285 2418 Valtero
1305 2371 1362 2418 de
1388 2371 1548 2433 Bygar
1571 2370 1844 2418 Camerario
1869 2370 2029 2418 Scotie
2053 2370 2258 2434 qualiter
2278 2371 2429 2420 forum

508 2463 565 2509 de
594 2460 826 2508 Brechine
850 2459 1077 2507 usitatum
1099 2459 1242 2506 fuerit
1263 2463 1477 2522 tempore
1502 2459 1737 2523 quondam
1763 2458 1885 2520 regis
1911 2457 2111 2506 Roberti
2139 2487 2148 2496 -

419 2613 480 2659 16
520 2585 779 2678 Cognicio
813 2614 943 2661 facta
975 2614 1101 2676 apud
1138 2613 1359 2675 Brechyn
1395 2628 1554 2660 coram
1592 2611 1781 2659 domino
1807 2610 2006 2658 Valtero
2043 2611 2101 2658 de
2139 2611 2298 2674 Bygar
2333 2630 2433 2661 rec-

507 2709 610 2752 tore
658 2704 715 2750 de
766 2701 908 2749 Erole
955 2701 1226 2749 Camerario
1281 2701 1440 2748 Scotie
1488 2700 1662 2748 ibidem
1718 2700 1911 2747 sedente
1966 2715 2028 2746 ex
2087 2699 2431 2750 deliberacione

509 2793 683 2840 domini
705 2791 855 2839 nostri
879 2791 1001 2854 regis
1035 2794 1085 2838 et
1121 2789 1304 2838 consilii
1328 2789 1401 2838 sui
1436 2787 1641 2852 qualiter
1673 2788 1826 2835 forum
1862 2788 1920 2834 de
1958 2787 2178 2850 Brechyn
2203 2789 2430 2839 usitatum

507 2882 597 2929 fuit
631 2885 844 2943 tempore
880 2879 1114 2942 quondam
1150 2877 1325 2926 domini
1366 2877 1513 2940 Regis
1555 2875 1755 2924 Roberti
1795 2892 1880 2939 per
1918 2876 2207 2939 subscriptos
2245 2877 2433 2939 juratos

509 2968 728 3016 videlicet
769 2967 981 3015 dominos
1017 2967 1176 3014 Dauid
1213 2967 1271 3014 de
1308 2966 1559 3020 Grahame,
1595 2969 1644 3013 et
1683 2964 1954 3012 Johannem
1989 2965 2048 3012 de
2085 2964 2431 3022 Strathechine‚

509 3058 697 3111 milites,
741 3055 999 3103 Henricum
1041 3055 1099 3102 de
1137 3055 1466 3118 Fodrynghay,
1506 3053 1541 3099 J
1545 3054 1776 3101 ohannem
1823 3053 1881 3100 de
1929 3051 2099 3115 Rossy,
2139 3052 2431 3102 Willelmum

509 3147 652 3193 filium
691 3145 808 3199 Ade,
832 3144 865 3190 J
870 3144 1100 3191 ohannem
1137 3144 1194 3191 de
1221 3142 1435 3197 Gelham‚
1471 3142 1506 3189 J
1510 3142 1741 3190 ohannem
1779 3140 1974 3202 Lamby,
2013 3139 2262 3188 Nicholam
2288 3142 2429 3198 Scan,

511 3235 773 3282 Robertum
798 3233 856 3280 de
882 3231 1133 3294 Balbreny,
1160 3231 1489 3279 Alexandrum
1514 3231 1572 3278 de
1598 3229 1839 3284 Stratoun,
1856 3228 1891 3275 J
1895 3229 2124 3276 ohannem
2146 3229 2427 3291 Wyschard‚

513 3322 805 3370 Willelmum
860 3320 1026 3374 M‘son‚
1079 3319 1112 3366 J
1117 3319 1349 3367 ohannem
1408 3319 1466 3366 de
1526 3317 1835 3372 Inchmartin,
1892 3316 1927 3363 J
1930 3299 2162 3364 ohannem
2221 3318 2279 3365 de
2332 3319 2427 3367 Ga-
