2950 3970
473 633 582 701 102
643 632 1106 692 REGISTRUM
1142 634 1683 693 EPISOOPATUS
1724 636 2316 694 BREGHINENSIS.

473 820 928 869 administrationem
978 822 1210 871 duxeritis
1243 823 1628 872 committendam
1668 829 1722 873 ut
1761 826 1944 889 prefate
1990 825 2188 874 ecclesie
2224 823 2398 871 debitis

473 909 764 972 supportatis
787 910 1006 958 oneribus
1030 910 1240 959 residuos
1257 911 1403 974 ipsius
1420 911 1615 961 ecclesie
1633 913 1815 962 fructus
1832 913 2045 963 redditus
2068 918 2118 962 et
2141 916 2398 977 prouentus

476 996 726 1059 diligenter
748 1013 1028 1046 conseruare
1062 1002 1283 1062 procuret
1317 998 1392 1047 vel
1422 999 1585 1048 futuro
1620 1001 1879 1051 successori
1919 1001 2091 1065 prefati
2114 1000 2322 1065 episcopi
2357 1000 2398 1048 si

473 1086 631 1133 forsan
678 1087 737 1133 de
783 1085 980 1135 alterius
1015 1102 1217 1150 persona
1256 1088 1421 1135 eedem
1465 1088 1664 1138 ecclesie
1696 1089 1936 1153 prouisum
1970 1105 2056 1153 per
2087 1104 2175 1138 nos
2208 1088 2398 1136 interim

472 1173 615 1221 fuerit
638 1178 721 1222 aut
745 1174 883 1222 alteri
906 1179 1046 1238 prout
1073 1191 1104 1222 a
1134 1175 1269 1223 nobis
1290 1175 1509 1224 habuerit
1532 1176 1582 1224 in
1605 1177 1842 1226 mandatis
1866 1178 1924 1225 de
1949 1177 2117 1241 quibus
2151 1175 2401 1239 diligenter

475 1266 696 1310 teneatur
730 1263 925 1310 reddere
950 1262 1181 1311 rationem
1219 1291 1230 1301 ·
1268 1263 1374 1312 Non
1408 1264 1708 1314 obstantibus
1739 1269 1842 1314 tam
1874 1264 2028 1313 felicis
2061 1262 2401 1312 recordationis

478 1350 712 1397 Bonifacii
747 1366 867 1413 pape
903 1350 996 1412 viij.
1032 1351 1378 1413 predecessoris
1410 1352 1562 1401 nostri
1596 1352 1645 1400 in
1680 1352 1850 1416 quibus
1877 1356 2074 1401 cauetur
2097 1352 2221 1416 quod
2244 1350 2401 1400 nullus

477 1442 616 1486 extra
639 1453 771 1486 suam
795 1438 1039 1486 ciuitatem
1078 1442 1128 1486 et
1164 1439 1403 1487 dioecesim
1425 1439 1516 1489 nisi
1551 1440 1599 1489 in
1634 1440 1780 1490 certis
1809 1440 2025 1504 exceptis
2047 1440 2236 1489 casibus
2269 1443 2318 1487 et
2352 1439 2401 1486 in

476 1525 571 1574 illis
594 1525 719 1573 ultra
733 1542 873 1573 unam
898 1526 1074 1574 dietam
1098 1542 1128 1574 a
1144 1527 1235 1574 fine
1260 1527 1476 1576 dioecesis
1498 1544 1582 1577 sue
1597 1530 1658 1577 ad
1676 1529 1907 1592 judicium
1923 1533 2149 1578 euocetur
2185 1557 2196 1567 -
2232 1529 2328 1576 Seu
2347 1543 2400 1575 ve

471 1615 657 1676 judices
679 1631 709 1662 a
732 1615 843 1663 sede
867 1614 1130 1678 apostolica
1153 1615 1369 1678 deputati
1392 1620 1560 1665 contra
1582 1632 1902 1681 quoscumque
1935 1617 2190 1680 procedere
2213 1620 2297 1664 aut
2319 1615 2402 1663 alii

477 1703 552 1751 vel
587 1703 692 1751 aliis
726 1703 853 1750 vices
886 1718 997 1751 suas
1030 1703 1326 1751 committere
1361 1709 1446 1752 aut
1479 1705 1663 1769 aliquos
1696 1705 1823 1754 ultra
1857 1721 1997 1753 unam
2031 1706 2209 1754 dietam
2245 1721 2275 1752 a
2309 1705 2401 1752 fine

480 1792 694 1840 dioecesis
711 1792 966 1839 eorundem
989 1792 1176 1839 trahere
1199 1797 1471 1855 presumant
1509 1821 1519 1830 ·
1557 1793 1623 1842 Et
1647 1794 1707 1842 de
1744 1794 1924 1842 duobus
1948 1793 2089 1842 dietis
2122 1793 2171 1840 in
2205 1791 2402 1840 consilio

476 1880 683 1943 generali
702 1895 841 1943 quam
865 1879 972 1927 aliis
989 1880 1405 1929 constitutionibus
1421 1880 1696 1945 apostolicis
1715 1881 1966 1930 contrariis
1983 1881 2350 1945 quibuscumque
2388 1908 2399 1917 ·

481 1971 579 2015 Aut
614 1968 654 2016 si
692 1967 822 2015 dicto
858 1966 1026 2014 Finlao
1061 1967 1135 2015 vel
1169 1968 1411 2031 quibusuis
1434 1968 1541 2017 aliis
1575 1970 1886 2018 communiter
1908 1969 1987 2018 uel
2010 1969 2197 2019 diuisim
2220 1985 2250 2017 a
2273 1969 2403 2016 dicta

478 2058 589 2104 sede
613 2056 675 2104 sit
700 2054 929 2103 indultum
957 2056 1081 2118 quod
1119 2056 1338 2103 interdici
1373 2057 1594 2120 suspendi
1616 2058 1691 2105 vel
1714 2058 2111 2106 excommunicari
2145 2063 2229 2106 aut
2266 2062 2405 2106 extra

478 2145 552 2192 vel
574 2144 701 2191 ultra
723 2147 856 2191 certa
878 2143 984 2191 loca
1006 2145 1067 2191 ad
1102 2143 1333 2205 judicium
1370 2146 1560 2193 euocari
1599 2161 1694 2194 non
1731 2146 1914 2210 possint
1951 2162 2037 2210 per
2069 2145 2234 2195 literas
2268 2161 2404 2210 apos-

479 2233 648 2281 tolicas
671 2248 765 2280 non
782 2232 1013 2279 facientes
1035 2231 1223 2295 plenam
1247 2236 1296 2280 et
1315 2248 1588 2296 expressam
1611 2249 1668 2282 ac
1691 2234 1750 2282 de
1774 2234 1917 2282 verbo
1939 2235 2000 2282 ad
2024 2235 2215 2282 verbum
2247 2235 2307 2281 de
2336 2234 2405 2280 in-

481 2321 613 2369 dulto
647 2318 913 2368 huiusmodi
945 2319 1230 2367 mentionem
1270 2348 1281 2358 ·
1319 2320 1487 2369 Testes
1509 2324 1670 2369 autem
1693 2321 1775 2385 qui
1799 2322 1974 2370 fuerint
2014 2321 2242 2369 nominati
2276 2321 2317 2370 si
2351 2337 2402 2370 se

482 2409 635 2471 gratia
658 2407 767 2455 odio
791 2406 865 2454 vel
888 2408 1059 2454 timore
1082 2407 1405 2455 subtraxerint
1429 2423 1628 2457 censura
1661 2408 1803 2457 simili
1837 2409 2154 2473 appellatione
2189 2414 2404 2458 cessante

485 2496 781 2560 compellatis
803 2495 994 2543 veritati
1019 2495 1341 2544 testimonium
1375 2496 1622 2560 perhibere
1645 2497 1828 2545 Datum
1853 2498 2005 2545 Rome
2028 2498 2154 2561 apud
2178 2497 2405 2545 Sanctum

483 2587 678 2633 Petrum
702 2583 773 2645 iij0
814 2583 950 2631 Ydus
971 2583 1090 2630 Maii
1109 2582 1413 2646 pontificatus
1434 2585 1585 2632 nostri
1609 2585 1751 2633 Anno
1771 2585 1909 2633 Nono
1935 2613 1945 2623 ·
1972 2585 2231 2649 Postquam
2248 2586 2406 2634 omnia

486 2677 535 2720 et
553 2671 735 2735 singula
752 2670 1026 2734 supradicta
1051 2699 1061 2708 ·
1089 2671 1188 2719 Nos
1205 2671 1379 2734 prefati
1397 2671 1717 2721 Conseruator
1735 2677 1784 2721 et
1799 2673 2026 2722 Officialis
2039 2689 2232 2737 presens
2254 2678 2407 2722 trans-

487 2764 722 2823 sumptum
746 2759 983 2822 publicum
1007 2774 1114 2806 cum
1136 2759 1251 2822 ipsis
1273 2758 1414 2808 bullis
1437 2759 1740 2823 originalibus
1762 2760 2012 2824 diligenter
2033 2761 2288 2810 auscultari
2312 2761 2408 2810 col-

487 2847 708 2896 lationari
731 2851 781 2894 et
804 2846 1079 2894 concordari
1111 2846 1309 2895 fecimus
1345 2875 1356 2885 ·
1394 2848 1460 2895 Et
1494 2849 1687 2895 tandem
1724 2848 1835 2912 quia
1869 2852 1978 2912 post
2018 2847 2288 2912 diligentem
2311 2849 2408 2897 col-

485 2936 711 2984 lationem
748 2963 758 2971 ·
797 2962 808 2971 ·
847 2962 856 2971 ·
894 2935 1206 2998 comperimus
1240 2950 1434 2998 presens
1466 2939 1836 3000 transsumptum
1858 2952 1887 2974 ··
1924 2963 1936 2973 ·
1974 2963 1984 2974 ·
2020 2936 2070 2983 in
2105 2936 2320 2985 omnibus
2356 2942 2405 2985 et

491 3040 575 3087 per
593 3022 750 3071 omnia
772 3022 1057 3069 concordare
1095 3049 1105 3059 ·
1143 3050 1155 3059 ·
1194 3050 1204 3059 -
1240 3022 1384 3085 igitur
1421 3050 1432 3061 ·
1470 3051 1481 3061 -
1519 3051 1530 3061 ·
1566 3023 1862 3072 decernimus
1878 3024 2002 3087 quod
2026 3024 2234 3086 presenti
2255 3028 2409 3074 trans-

494 3114 682 3174 sumpto
697 3108 887 3173 publico
903 3113 1129 3172 tanquam
1147 3110 1427 3174 prescriptis
1442 3110 1586 3160 bullis
1609 3110 1910 3174 originalibus
1946 3139 1957 3149 ·
1995 3138 2006 3149 ·
2045 3138 2056 3149 ·
2091 3111 2262 3159 debeat
2299 3140 2309 3149 ·
2348 3141 2358 3150 ·
2398 3142 2407 3150 -

495 3197 762 3246 indubitata
786 3197 903 3245 fides
925 3196 1138 3245 adhiberi
1175 3225 1186 3235 ·
1226 3225 1236 3235 ·
1275 3224 1286 3236 ·
1323 3198 1385 3246 In
1408 3214 1605 3263 quorum
1629 3199 1834 3248 omnium
1869 3203 1919 3247 et
1953 3198 2235 3262 singulorum
2270 3200 2410 3248 fidem

495 3292 544 3335 et
566 3283 887 3334 testimonium
911 3284 1001 3331 hoc
1024 3291 1218 3346 presens
1240 3285 1603 3335 instrumentum
1638 3286 1876 3350 publicum
1910 3286 2011 3335 siue
2043 3290 2412 3351 transsumptum
