2950 3970
577 594 1040 652 REGISTRUM
1078 599 1614 659 EPISCOPATUS
1654 606 2237 671 BRECHINENSIS.
2291 619 2391 672 191

473 869 749 920 Declaratio
773 873 951 921 Thome
977 875 1201 939 Episcopi
1225 877 1573 929 Dunkeldensis
1605 881 1640 928 J
1643 882 1792 931 udicis
1816 884 2217 948 Compromissarii
2246 904 2385 952 super

470 957 704 1007 solutione
738 977 916 1009 summe
949 963 1090 1010 trium
1131 964 1356 1014 librarum
1392 967 1685 1016 thezaurario
1722 971 2025 1021 Brechinensi
2065 1002 2074 1012 ·
2112 975 2176 1022 Et
2213 975 2384 1025 vicario

471 1047 778 1096 Brechinensi
815 1065 899 1097 sex
936 1050 1189 1100 solidorum
1227 1058 1276 1101 et
1313 1059 1422 1102 octo
1470 1057 1764 1104 denariorum
1801 1075 1885 1120 per
1922 1065 2149 1108 rectorem
2188 1063 2382 1112 ecclesie

467 1137 751 1199 parochialis
775 1139 832 1186 de
861 1139 1069 1201 Kynnell
1107 1168 1116 1177 ·

378 1313 438 1358 91
476 1282 761 1365 Uniuersis
784 1317 958 1365 Sancte
997 1318 1170 1366 Matris
1203 1318 1400 1367 ecclesie
1436 1320 1543 1368 filiis
1578 1323 1638 1368 ad
1676 1338 1869 1385 quorum
1907 1325 2104 1374 noticias
2140 1332 2379 1389 presentes

466 1404 625 1452 littere
648 1406 948 1467 peruenerint
973 1406 1179 1455 Thomas
1217 1435 1226 1444 -
1265 1435 1274 1443 ·
1314 1435 1323 1444 ·
1363 1408 1625 1472 Episcopus
1651 1410 2001 1460 Dunkeldensis
2037 1413 2235 1462 salutem
2270 1431 2376 1463 cum

465 1493 793 1542 benedictione
818 1494 979 1542 diuina
1014 1522 1024 1531 -
1064 1495 1262 1542 Nouerit
1288 1496 1569 1545 uniuersitas
1605 1502 1762 1545 vestra
1797 1514 1881 1547 nos
1916 1500 1963 1546 in
1999 1502 2198 1563 quadam
2237 1519 2377 1552 causa

466 1598 610 1645 penes
659 1581 988 1630 distinctiones
1024 1582 1237 1630 dioecesis
1283 1583 1622 1631 Sanctiandree
1659 1589 1709 1632 et
1747 1585 2076 1636 Brechinensis
2113 1617 2123 1626 ·
2161 1590 2226 1637 Et
2271 1607 2375 1654 pre-

465 1670 628 1718 sertim
653 1685 814 1718 versus
838 1671 1086 1733 quamdam
1111 1671 1292 1732 peciam
1310 1675 1436 1718 terre
1453 1671 1707 1733 vulgariter
1723 1679 2037 1737 nuncupatam
2062 1676 2105 1723 le
2131 1677 2375 1725 Kenbreth

466 1759 599 1806 cuius
634 1758 847 1806 dioecesis
880 1758 970 1805 fuit
1009 1762 1058 1805 et
1097 1761 1170 1805 est
1203 1758 1329 1805 inter
1366 1787 1373 1795 ·
1415 1787 1423 1795 ·
1464 1787 1472 1795 ·
1512 1759 1769 1823 Episcopos
1808 1761 2143 1811 Sanctiandree
2179 1769 2227 1811 et
2266 1766 2379 1812 Bre-

465 1848 733 1895 chinensem
757 1845 1039 1894 debatibiles
1073 1861 1156 1894 seu
1189 1845 1419 1908 litigiosos
1454 1862 1610 1894 coram
1633 1847 1768 1896 nobis
1790 1852 2014 1912 tanquam
2047 1851 2218 1898 Judice
2253 1867 2376 1899 com-

464 1936 766 2000 promissario
801 1934 1043 1983 ventulata
1069 1938 1118 1982 et
1142 1950 1286 1997 usque
1321 1935 1382 1982 ad
1416 1935 1554 1983 finem
1589 1935 1826 1983 arbitralis
1861 1952 1943 1984 seu
1980 1939 2376 2000 compromissarie

463 2025 776 2088 prolationem
814 2022 1097 2087 processisse
1136 2023 1182 2069 in
1220 2023 1307 2069 hec
1355 2023 1496 2070 verba
1546 2023 1721 2071 Christi
1755 2024 1942 2071 nomine
1979 2025 2198 2073 inuocato
2235 2054 2245 2063 ·
2283 2027 2379 2074 Nos

466 2115 672 2162 Thomas
711 2141 720 2150 -
760 2141 770 2150 ·
809 2141 819 2150 ·
858 2111 1121 2175 Episcopus
1146 2110 1495 2159 Dunkeldensis
1511 2111 1660 2172 judex
1695 2112 2212 2176 compromissariusque
2237 2130 2375 2163 cause

464 2207 513 2251 et
536 2203 751 2267 partibus
774 2200 1085 2264 infrascriptis
1118 2216 1203 2263 pro
1238 2199 1459 2248 tribunali
1483 2201 1701 2248 sedentes
1737 2200 1784 2247 in
1820 2201 2018 2263 quadam
2043 2216 2183 2249 causa
2207 2203 2373 2250 debate

464 2312 548 2345 seu
583 2294 901 2344 contrauersie
933 2308 1078 2356 penes
1111 2291 1437 2339 distinctiones
1472 2291 1683 2340 dioecesis
1718 2292 2053 2340 Sanctiandree
2077 2297 2126 2340 et
2152 2294 2374 2340 Brechin-

463 2385 589 2434 ensis
623 2388 672 2432 et
706 2382 953 2447 presertim
987 2395 1132 2444 penes
1167 2380 1414 2443 quamdam
1437 2379 1619 2442 peciam
1641 2384 1766 2427 terre
1789 2379 2039 2441 vulgariter
2061 2385 2373 2443 nuncupatam

462 2475 507 2522 le
534 2473 783 2522 Kenbreth
807 2472 939 2520 cuius
963 2469 1177 2518 dioecesis
1201 2472 1273 2516 est
1310 2472 1358 2515 et
1392 2467 1484 2515 fuit
1521 2468 1577 2514 de
1613 2466 1819 2514 unanimi
1855 2483 2081 2516 consensu
2105 2472 2154 2514 et
2178 2483 2371 2516 assensu

466 2593 475 2600 -
515 2592 525 2600 ·
565 2591 574 2599 ·
614 2560 811 2610 Patricii
845 2563 894 2607 et
928 2559 962 2605 J
966 2557 1161 2606 ohannis
1199 2584 1207 2593 ·
1248 2584 1257 2592 ·
1297 2583 1306 2592 ·
1345 2555 1682 2618 Episcoporum
1719 2555 2052 2602 Sanctiandree
2075 2559 2124 2603 et
2151 2556 2372 2602 Brechin-

463 2651 588 2700 ensis
633 2666 718 2714 per
764 2649 885 2696 viam
931 2643 1192 2694 amicabilis
1237 2642 1589 2705 compositionis
1635 2641 1925 2704 judicialiter
1971 2643 2368 2705 compromissarie

462 2742 798 2802 cognoscentes
834 2765 845 2774 -
882 2733 1072 2782 Auditis
1095 2732 1224 2795 prius
1246 2731 1451 2794 partium
1485 2730 1799 2793 predictarum
1822 2730 2049 2792 petitione
2073 2730 2369 2792 responsione

461 2826 822 2892 allegationibus
859 2823 1144 2884 testiumque
1187 2818 1554 2882 depositionibus
1595 2818 1855 2880 ceterisque
1893 2817 2076 2878 juribus
2114 2817 2222 2864 hinc
2262 2818 2369 2864 inde

460 2916 713 2981 propositis
758 2911 1007 2964 summarie
1054 2911 1112 2956 de
1157 2908 1297 2971 plano
1343 2907 1650 2970 procedentes
1688 2905 1829 2966 juxta
1863 2921 1920 2952 ea
1954 2920 2043 2967 que
2078 2905 2278 2952 vidimus
2317 2911 2365 2953 et

459 3005 758 3068 concepimus
787 3001 908 3064 juris
944 2999 1200 3063 peritorum
1238 3000 1286 3043 et
1322 2995 1560 3058 signanter
1582 2993 1871 3041 dominorum
1897 2991 2159 3039 officialium
2184 2992 2366 3040 Sancti-

459 3094 633 3142 andree
671 3095 720 3139 et
762 3087 1094 3138 Brechinensis
1125 3083 1467 3132 communicato
1499 3081 1693 3130 consilio
1728 3084 1776 3127 et
1811 3084 1972 3127 secuto
1996 3079 2162 3141 quibus
2185 3078 2365 3126 fidelem

459 3183 559 3230 fieri
599 3180 795 3228 fecimus
835 3176 1110 3224 relationem
1152 3173 1200 3219 in
1241 3172 1402 3219 eadem
1436 3169 1585 3218 solum
1623 3168 1778 3215 Deum
1818 3182 1900 3230 pre
1934 3166 2108 3213 occulis
2140 3166 2367 3214 habentes

463 3272 670 3333 Eiusque
693 3267 879 3315 nomine
904 3262 1198 3312 sanctissimo
1221 3258 1438 3322 primitus
1462 3257 1681 3303 inuocato
1704 3271 1788 3318 per
1809 3254 1928 3300 hanc
1951 3257 2156 3301 nostram
2181 3257 2365 3301 senten-
