2950 3970
683 631 1145 691 REGISTRUM
1184 638 1719 701 EPISCOPATUS
1762 646 2346 711 BRECHINENSIS.
2386 657 2456 715 97

530 819 647 867 with
681 835 741 883 ye
780 821 919 885 King‚
955 839 1014 886 ye
1049 825 1224 874 forsaid
1250 829 1340 876 den
1363 831 1455 877 and
1480 832 1779 890 archedekin,
1818 836 1901 884 has
1930 842 2002 886 set
2026 843 2078 887 to
2116 858 2202 903 yar
2225 843 2324 898 seil‚
2357 846 2447 891 and

528 907 681 969 signet
730 909 846 956 with
899 927 958 974 ye
1011 928 1223 963 common
1279 916 1366 965 seil
1400 919 1454 966 of
1497 936 1556 982 ye
1614 921 1811 985 cheptur
1850 927 2088 988 appendit.
2159 931 2266 977 And
2302 935 2352 978 to
2387 949 2445 994 ye

527 996 678 1044 tothir
699 1003 820 1062 part,
844 1003 897 1047 to
921 1016 1112 1065 remayn
1136 1003 1251 1052 with
1275 1021 1334 1068 ye
1376 1007 1466 1054 den
1489 1009 1582 1055 and
1607 1009 1816 1073 cheptur,
1856 1012 1939 1060 the
1980 1014 2091 1063 selis
2121 1017 2174 1063 of
2201 1033 2232 1065 a
2267 1019 2444 1066 Reuer-

526 1085 617 1132 end
641 1085 787 1143 fader,
809 1088 844 1134 J
847 1103 989 1145 ames,
1030 1090 1223 1156 bischop
1247 1093 1301 1139 of
1332 1093 1678 1152 Sanctandrois,
1718 1098 1854 1146 Schir
1877 1099 2148 1150 Alexander
2181 1106 2235 1152 of
2265 1106 2445 1169 Levyn-

526 1178 677 1230 stoun,
716 1175 843 1224 Lord
878 1178 933 1225 of
961 1177 1208 1236 Calendar,
1232 1182 1325 1230 and
1348 1183 1382 1230 J
1386 1199 1514 1232 ames
1537 1184 1590 1231 of
1621 1185 1934 1249 Levynstoun,
1969 1189 2043 1238 his
2077 1206 2174 1246 son,
2209 1209 2263 1240 ar
2285 1199 2335 1242 to
2359 1199 2443 1250 set,

526 1264 619 1326 day
642 1265 734 1312 and
759 1264 894 1328 place
916 1266 1148 1316 forwritin
1186 1297 1196 1306 ·

459 1470 488 1497 *
525 1461 674 1511 Carta
697 1464 857 1512 Dauid
884 1464 1048 1514 Conan
1072 1483 1218 1531 penes
1242 1472 1394 1518 terras
1420 1471 1477 1517 de
1504 1471 1688 1519 Kethik
1729 1500 1738 1509 ·

435 1602 500 1648 55
537 1586 807 1669 Omnibus
828 1620 950 1668 hanc
974 1625 1152 1669 cartam
1173 1622 1338 1671 visuris
1352 1621 1426 1670 vel
1449 1624 1678 1673 audituris
1702 1625 1860 1673 Dauid
1885 1627 1942 1674 de
1959 1627 2180 1676 Connane
2218 1657 2228 1666 ·
2256 1657 2266 1667 ·
2293 1658 2303 1667 ·
2341 1632 2439 1679 Sci-

524 1708 618 1758 atis
640 1725 716 1757 me
739 1709 1004 1758 vendidisse
1043 1738 1053 1747 ·
1092 1738 1102 1748 ·
1142 1739 1151 1748 ·
1178 1700 1470 1760 'Reuerendo
1494 1711 1542 1758 in
1567 1712 1724 1760 Cristo
1747 1714 1871 1776 patri
1908 1742 1918 1751 ·
1958 1743 1967 1752 ·
2006 1743 2016 1752 ·
2052 1716 2238 1764 domino
2259 1718 2292 1764 J
2297 1719 2438 1766 ohan-

523 1799 572 1845 ni
610 1826 620 1836 ·
659 1826 669 1836 ·
707 1825 719 1836 ·
755 1798 977 1862 episcopo
1003 1798 1309 1847 Brechinensi
1346 1827 1356 1837 -
1396 1827 1406 1837 ·
1445 1827 1455 1837 ·
1492 1800 1663 1847 Totum
1687 1805 1736 1848 et
1760 1801 1989 1864 integrum
2007 1803 2178 1851 toftum
2202 1820 2284 1852 seu
2306 1810 2436 1854 tene-

520 1890 728 1935 mentum
754 1901 911 1935 meum
934 1878 1278 1951 tempellarium
1296 1887 1461 1949 jacens
1495 1888 1544 1935 in
1578 1887 1688 1936 villa
1711 1889 1769 1936 de
1796 1889 1977 1937 Kethik
2001 1891 2121 1938 infra
2142 1892 2435 1943 vicecomitae

516 1979 616 2024 tum
642 1977 701 2024 de
726 1976 896 2024 Forfar
917 1991 1023 2024 cum
1049 1979 1180 2024 certa
1202 1976 1337 2039 pecia
1358 1979 1483 2023 terre
1506 1975 1698 2025 arabilis
1720 1977 1870 2024 eidem
1905 1978 2029 2026 tofto
2061 1994 2143 2027 seu
2166 1984 2432 2031 tenemento

515 2081 702 2114 annexa
735 2069 785 2113 et
820 2081 881 2113 ex
915 2064 1111 2128 antiquo
1145 2067 1389 2127 spectante
1412 2079 1506 2111 una
1536 2079 1639 2112 cum
1665 2066 1923 2113 tresdecem
1959 2065 2119 2114 solidis
2152 2072 2200 2116 et
2235 2074 2433 2132 quatuor

516 2154 721 2203 denariis
743 2153 921 2203 usualis
943 2156 1131 2201 monete
1156 2151 1316 2200 Scotie
1347 2152 1490 2199 annui
1525 2151 1733 2200 redditus
1756 2153 1814 2199 de
1837 2153 1976 2201 terris
1999 2153 2106 2201 ville
2131 2156 2188 2203 de
2214 2156 2429 2221 Tempyl-

514 2242 600 2291 hill
633 2258 741 2291 cum
776 2240 1076 2306 pertinentiis
1111 2240 1232 2287 infra
1266 2240 1441 2287 dictam
1475 2238 1715 2286 baroniam
1751 2239 1808 2286 de
1846 2239 2027 2287 Kethik
2065 2241 2330 2302 jacentibus
2365 2248 2424 2293 ad

513 2333 632 2381 duos
672 2330 784 2379 anni
821 2329 1048 2378 terminos
1085 2332 1333 2376 consuetos
1365 2327 1449 2375 viz.
1492 2327 1830 2375 Penthecostes
1863 2331 1912 2375 et
1947 2329 2109 2377 Sancti
2147 2331 2342 2379 Martini
2377 2334 2422 2381 in

511 2421 680 2483 hyeme
719 2418 963 2466 annuatim
1002 2433 1087 2481 per
1123 2415 1312 2480 equales
1348 2414 1586 2478 portiones
1619 2414 1764 2462 libere
1798 2419 1847 2463 et
1881 2416 2081 2464 fideliter
2113 2417 2324 2469 leuandis
2369 2427 2418 2470 et

511 2508 825 2573 percipiendis
861 2535 872 2546 -
910 2507 1181 2554 Tenendum
1222 2508 1271 2553 ct
1309 2503 1573 2552 habendum
1609 2506 1761 2550 totum
1803 2507 1851 2551 et
1892 2503 2120 2567 integrum
2161 2509 2420 2569 predictum

510 2597 682 2646 toftum
722 2625 732 2635 ·
771 2624 782 2635 ·
820 2624 830 2634 ·
867 2611 974 2644 cum
997 2593 1211 2658 predicta
1233 2592 1368 2656 pecia
1389 2595 1515 2640 terre
1537 2590 1727 2639 arabilis
1761 2595 1809 2639 et
1843 2590 1948 2639 aliis
1982 2593 2078 2641 suis
2103 2595 2246 2655 justis
2278 2598 2421 2659 perti-

508 2685 684 2735 nentiis
723 2700 817 2733 una
839 2699 946 2732 cum
985 2680 1211 2746 predictis
1245 2680 1507 2729 tresdecem
1544 2678 1705 2727 solidis
1739 2682 1787 2726 et
1822 2682 2023 2741 quatuor
2056 2681 2257 2731 denariis
2278 2686 2419 2732 annui

509 2773 722 2823 redditus
743 2772 929 2837 prefato
963 2770 1220 2819 reuerendo
1257 2797 1267 2807 -
1305 2795 1316 2806 ·
1354 2796 1364 2806 ·
1402 2767 1588 2815 domino
1620 2766 1828 2814 «Iohanni
1861 2767 2079 2831 episcopo
2115 2769 2418 2822 Brechinensi

511 2892 521 2901 ·
560 2891 571 2901 ·
611 2891 621 2901 ·
655 2860 906 2910 heredibus
940 2859 1036 2908 suis
1071 2862 1120 2906 et
1154 2857 1251 2906 suis
1283 2855 1532 2918 assignatis
1566 2855 1624 2902 de
1658 2854 1880 2916 magistro
1914 2855 2104 2918 hospitii
2139 2859 2290 2905 sancti
2328 2860 2363 2906 J
2366 2877 2415 2908 o-

506 2950 673 2999 hannis
695 2946 1070 2998 Jerosolimitani
1104 2950 1154 2994 et
1187 2944 1284 2994 suis
1317 2942 1660 2993 successoribus
1696 2970 1707 2980 ·
1745 2970 1754 2979 ·
1794 2970 1803 2979 ·
1839 2942 1887 2988 in
1921 2943 2058 2991 feodo
2081 2948 2130 2992 et
2153 2946 2413 2996 hereditate

504 3039 846 3102 imperpetuum
884 3063 895 3074 ·
934 3064 944 3074 ·
983 3063 993 3073 ·
1031 3035 1096 3082 Et
1165 3048 1250 3095 ego
1301 3046 1410 3079 vero
1446 3058 1457 3070 ·
1499 3057 1509 3068 ·
1547 3058 1557 3067 ·
1592 3033 1641 3077 et
1702 3030 1898 3078 heredes
1953 3031 2046 3077 mei
2083 3058 2093 3069 ·
2132 3060 2142 3070 ·
2180 3061 2190 3070 -
2226 3050 2406 3084 wal-an-

499 3126 750 3176 tizabimus
787 3153 796 3163 ·
836 3152 847 3162 ·
886 3152 896 3162 ·
933 3123 992 3170 In
1039 3122 1171 3170 cuius
1216 3120 1285 3168 rei
1330 3117 1650 3167 testimonium
1701 3116 1810 3164 huic
1860 3118 2068 3180 presenti
2126 3124 2254 3168 carte
2309 3139 2410 3171 mee

486 3213 699 3278 ‘sigillum
738 3228 892 3261 meum
930 3214 1003 3260 est
1044 3223 1300 3273 appensum
1334 3207 1458 3269 apud
1500 3205 1715 3267 Brechyn
1751 3205 1932 3252 decima
1967 3206 2119 3254 tercia
2141 3207 2216 3254 die
2238 3211 2409 3260 mensis

497 3301 742 3351 Februarii
765 3315 888 3349 anno
913 3298 1119 3348 Domino
1143 3295 1389 3345 millesimo
1412 3291 1868 3355 quadringentesimo
1899 3294 2252 3356 quadragesimo
2276 3313 2408 3360 quar-

1453 3381 1512 3427 13
