2950 3970
427 608 533 662 112
582 610 1051 667 REGISTRUM
1088 612 1635 669 EPISCOPATUS
1677 608 2279 666 BRECHINENSIS.

418 799 608 862 gatione
632 801 842 849 omnium
864 805 1098 851 terrarum
1122 819 1333 851 mearum
1358 803 1417 850 de
1443 801 1627 849 Aldbar
1665 829 1674 839 ·
1714 829 1724 838 ·
1765 829 1774 838 ·
1812 800 1872 848 In
1902 815 2100 864 quorum
2138 799 2277 846 fidem
2314 801 2363 845 et

419 888 743 937 testimonium
779 889 983 953 sigillum
1022 907 1179 940 meum
1219 891 1520 955 presentibus
1553 893 1628 939 est
1663 873 1923 954 appensum
1959 889 2084 953 apud
2128 887 2362 936 Brechine

421 992 526 1024 cum
564 978 697 1041 signo
733 995 839 1028 meo
877 980 1084 1028 manuali
1122 983 1171 1029 et
1209 980 1327 1028 dicti
1365 980 1546 1028 Thome
1584 978 1669 1026 filii
1706 978 1800 1026 mei
1837 982 1886 1026 et
1922 977 2112 1026 heredis
2135 992 2261 1025 nona
2285 975 2361 1023 die

421 1067 596 1116 mensis
637 1067 917 1117 Decembris
953 1070 1094 1117 Anno
1141 1069 1336 1117 Domini
1376 1067 1628 1116 millesimo
1665 1065 2128 1130 quadringentesimo
2163 1065 2364 1129 quadra-

418 1156 597 1218 gesimo
631 1156 835 1220 septimo
873 1185 883 1195 ·
923 1157 1228 1206 Presentibus
1251 1157 1343 1206 hiis
1365 1156 1570 1205 testibus
1592 1155 1677 1203 viz.
1703 1155 1864 1202 Dauid
1889 1154 2149 1218 Dempstar
2172 1152 2362 1202 domino

421 1245 478 1291 de
518 1243 864 1302 Caraldistoun,
891 1245 1051 1293 Dauid
1088 1246 1349 1310 Dempstar
1385 1245 1575 1293 domino
1610 1245 1669 1292 de
1705 1243 1967 1298 Ochterles,
2006 1243 2240 1306 Magistro
2268 1243 2364 1290 Ro-

421 1334 557 1382 berto
595 1334 654 1382 de
684 1334 900 1384 Cranoch
925 1338 1120 1383 cantore
1158 1334 1483 1389 Brechinensi‚
1506 1334 1541 1382 J
1544 1334 1729 1383 ohanne
1755 1332 1988 1381 Willelmi
2023 1320 2212 1381 officiali
2239 1331 2362 1380 eius-

420 1424 526 1470 dem
564 1427 613 1471 et
645 1423 679 1470 J
683 1423 868 1472 ohanne
893 1423 1033 1472 Steill
1061 1424 1290 1472 canonico
1313 1423 1538 1479 eiusdem,
1565 1423 1771 1485 Symone
1796 1421 1957 1469 clerici
1994 1425 2043 1469 et
2080 1419 2361 1469 Alexandro

421 1512 617 1561 Cristini
641 1512 824 1562 ciuibus
848 1513 1247 1562 Brechinensibus
1270 1529 1379 1561 cum
1402 1511 1566 1561 multis
1589 1511 1696 1560 aliis
1735 1540 1745 1549 ·
1786 1540 1795 1548 ·
1836 1539 1845 1548 ·

419 1712 584 1761 Litera
625 1713 683 1760 de
720 1712 766 1761 le
805 1713 968 1761 teinde
1004 1729 1162 1777 penny
1198 1713 1258 1761 de
1298 1713 1521 1776 Mernyss
1556 1712 1687 1760 facta
1723 1711 1771 1758 in
1810 1710 1941 1759 curia
1975 1709 2268 1758 vicecomitis
2300 1710 2358 1757 de

422 1801 729 1867 Kyncardine
768 1805 906 1850 tenta
944 1803 1071 1866 apud
1113 1801 1438 1865 Enuerberwy
1475 1802 1534 1849 de
1574 1795 1702 1849 data'
1729 1800 1839 1848 anni
1882 1799 2076 1847 Domini
2121 1798 2358 1848 millesimi

417 1890 866 1957 quadringentesimi
890 1889 1235 1954 quadragesimi
1260 1890 1416 1938 octavi
1457 1918 1466 1927 -

328 2043 387 2090 61
425 2014 503 2093 In
522 2045 616 2093 Dei
635 2045 824 2094 nomine
847 2045 1008 2094 Amen
1046 2074 1057 2084 ·
1095 2046 1189 2094 Per
1205 2046 1295 2094 hoc
1313 2061 1509 2110 presens
1527 2044 1768 2108 publicum
1787 2044 2152 2093 instrumentum
2172 2044 2358 2093 cunctis

412 2139 578 2198 pateat
602 2134 850 2183 euidenter
872 2135 998 2198 quod
1022 2150 1147 2183 anno
1172 2134 1369 2183 Domini
1397 2133 1650 2182 millesimo
1674 2132 2136 2197 quadringentesimo
2159 2134 2359 2196 quadra-

411 2224 589 2286 gesimo
612 2226 785 2271 octauo
823 2251 833 2261 ·
871 2223 1055 2272 Mensis
1092 2239 1204 2271 vero
1242 2222 1422 2287 Aprilis
1460 2222 1536 2270 die
1573 2222 1727 2285 prima
1766 2250 1776 2260 ·
1813 2221 2083 2270 Indictione
2107 2222 2356 2270 undecima

413 2312 718 2375 pontificatus
734 2311 1022 2360 sanctissimi
1046 2311 1095 2359 in
1121 2311 1280 2360 Cristo
1297 2311 1449 2375 patris
1488 2339 1498 2349 ·
1538 2339 1547 2349 ·
1590 2339 1600 2349 ·
1638 2310 1877 2359 Nicholaii
1915 2338 1926 2347 ·
1965 2338 1974 2348 ·
2014 2338 2024 2348 ·
2061 2326 2182 2374 pape
2202 2311 2355 2375 quinti

413 2417 537 2448 anno
583 2401 791 2449 secundo
834 2429 844 2438 ·
888 2400 948 2447 In
993 2404 1208 2449 nostrum
1266 2399 1560 2448 notariorum
1612 2427 1622 2438 ·
1668 2427 1679 2437 ·
1725 2427 1735 2437 ·
1779 2399 2021 2463 presentia
2064 2427 2075 2437 ·
2117 2399 2177 2447 In
2221 2401 2353 2448 curia

412 2489 703 2538 vicecomitis
739 2490 797 2537 de
835 2489 1144 2552 Kyncardine
1183 2493 1321 2538 tenta
1355 2490 1481 2553 apud
1519 2488 1845 2552 Enuerberwy
1882 2492 2052 2552 quarta
2076 2488 2151 2537 die
2175 2489 2350 2539 mensis

412 2578 573 2626 martii
602 2577 770 2626 ultimo
808 2576 957 2641 elapsi
994 2594 1080 2641 per
1121 2577 1412 2626 Willelmum
1451 2578 1511 2625 de
1550 2577 1701 2625 Keith
1739 2577 2064 2625 vicecomitem
2089 2577 2206 2626 dicti
2230 2578 2352 2626 vice-

410 2667 666 2715 comitatus
701 2666 967 2730 comparuit
1003 2667 1292 2715 reuerendus
1331 2667 1379 2714 in
1427 2665 1587 2715 Cristo
1632 2669 1771 2730 pater
1814 2666 1849 2713 J
1853 2666 2062 2714 ohannes
2101 2667 2350 2731 episcopus

413 2755 747 2805 Brechinensis
807 2759 856 2804 et
916 2755 1213 2819 presentauit
1261 2755 1391 2803 dicto
1437 2754 1705 2803 vicecomiti
1753 2755 1872 2802 duas
1917 2758 2140 2818 patentes
2184 2755 2349 2805 literas

412 2845 607 2893 Domini
630 2844 782 2893 nostri
808 2844 954 2907 Regis
971 2860 1113 2893 unam
1137 2844 1224 2893 sub
1243 2843 1432 2908 priuato
1450 2842 1604 2906 sigillo
1628 2847 1678 2891 et
1700 2841 1844 2890 aliam
1868 2842 1954 2891 sub
1978 2843 2162 2906 signeto
2199 2871 2211 2882 ·
2282 2845 2348 2893 Et

412 2934 524 2997 quia
546 2933 697 2982 multa
719 2934 868 2982 ardua
890 2933 939 2981 in
964 2933 1094 2982 dicta
1117 2933 1249 2982 curia
1272 2936 1409 2981 erant
1432 2933 1615 2995 agenda
1639 2932 1760 2979 Ideo
1783 2931 1895 2980 visis
1919 2935 1968 2979 et
2006 2929 2182 2980 auditis
2206 2933 2348 2982 dictis

409 3023 562 3071 literis
584 3023 785 3071 barones
808 3026 858 3071 et
880 3022 962 3070 alii
986 3023 1045 3071 de
1069 3022 1220 3071 assisa
1241 3038 1328 3086 per
1350 3037 1576 3084 organum
1599 3019 1864 3068 Alexandri
1903 3020 1961 3067 de
1995 3019 2345 3084 Strathachyne

410 3112 468 3158 de
502 3111 807 3159 Thorntoune
832 3110 1214 3159 deliberauerunt
1251 3114 1301 3159 et
1338 3112 1684 3174 proposuerunt
1709 3109 1833 3172 quod
1871 3108 1921 3156 in
1957 3109 2177 3172 proxima
2214 3111 2346 3159 curia

409 3198 603 3262 capitali
640 3199 848 3247 tenenda
871 3199 997 3262 apud
1022 3199 1318 3263 Kyncardyn
1342 3198 1559 3263 predicta
1581 3198 1735 3262 prima
1756 3197 1833 3245 die
1858 3197 2037 3261 Aprilis
2061 3199 2345 3248 determinas

408 3293 514 3338 rent
537 3287 762 3336 materias
785 3291 1035 3337 contentas
1059 3287 1108 3335 in
1130 3287 1399 3336 huiusmodi
1423 3287 1578 3336 literis
1601 3290 1650 3335 et
1673 3302 1814 3350 super
1830 3287 2069 3336 contentis
2091 3287 2140 3336 in
2164 3288 2340 3338 eisdem
