2950 3970
480 635 589 688 110
649 632 1114 692 REGISTRUM
1151 633 1693 690 EPISCOPATUS
1734 633 2328 691 BRECHINENSIS.

482 823 716 870 uerendus
749 827 887 886 pater
920 839 951 871 a
985 839 1060 872 me
1094 823 1282 872 notario
1315 821 1505 886 publico
1539 822 1807 885 subscripto
1843 823 1933 871 sibi
1968 825 2067 872 fieri
2090 824 2235 888 peciit
2259 824 2412 888 publi-

483 927 589 958 cum
613 911 977 960 instrumentum
1015 940 1025 949 ·
1065 940 1074 949 ·
1114 939 1124 949 ·
1162 911 1289 959 Acta
1309 911 1500 958 fuerunt
1523 910 1612 957 hec
1646 911 1771 973 apud
1797 911 2032 960 Brechine
2056 913 2104 960 in
2129 913 2258 961 dicta
2282 914 2413 961 curia

484 1002 623 1048 Anno
662 1028 671 1037 ·
711 1028 721 1037 ·
760 1028 770 1038 ·
807 1000 976 1064 quibus
1016 1015 1158 1063 supra
1198 1003 1248 1047 et
1288 999 1406 1046 hora
1441 998 1691 1046 undecima
1727 1003 1840 1046 ante
1878 1000 2122 1048 meridiem
2161 1030 2170 1038 ·
2210 1029 2219 1039 ·
2260 1029 2270 1039 ·
2306 1018 2412 1064 pre-

483 1089 696 1138 sentibus
719 1088 1004 1153 supradictis
1027 1104 1134 1136 cum
1158 1086 1320 1136 multis
1343 1086 1451 1136 aliis
1473 1087 1678 1136 testibus
1716 1115 1727 1125 ·
1766 1115 1776 1124 ·
1816 1115 1826 1124 ·

553 1178 619 1226 Et
643 1193 729 1240 ego
754 1177 1028 1225 Alexander
1051 1177 1230 1224 Thome
1254 1176 1490 1240 presbiter
1514 1175 1848 1224 Brechinensis
1886 1204 1895 1214 ·
1936 1205 1946 1214 ·
1986 1205 1996 1214 ·

433 1398 460 1426 *
485 1377 632 1424 Carta
656 1375 918 1424 Alexandri
960 1377 1018 1424 de
1060 1376 1328 1424 Cravmund
1353 1373 1433 1422 (1Ηί
1470 1376 1529 1423 de
1565 1373 1981 1437 Sowthmelgunde
2006 1379 2056 1423 et
2081 1375 2264 1423 Aldbar
2284 1376 2414 1424 facta

483 1466 516 1512 J
520 1464 693 1513 ohanni
734 1464 955 1529 episcopo
994 1464 1302 1513 Brechinensi
1343 1479 1485 1528 super
1524 1463 1669 1512 certis
1703 1463 1872 1511 annuis
1906 1463 2168 1512 redditibus
2200 1465 2259 1511 de
2291 1480 2414 1512 anno

484 1553 679 1601 Domini
702 1551 952 1602 millesimo
977 1552 1441 1617 quadringentesimo
1466 1551 1600 1613 xlvij⁰
1638 1580 1649 1589 ·

397 1710 461 1756 60
495 1678 767 1758 Omnibus
788 1708 911 1756 hanc
935 1711 1116 1756 cartam
1155 1707 1318 1756 visuris
1352 1707 1427 1755 vel
1460 1707 1693 1756 audituris
1729 1706 2010 1755 Alexander
2049 1708 2108 1754 de
2150 1708 2416 1755 Cravmund

486 1797 701 1845 dominus
735 1797 793 1844 de
829 1795 1244 1858 Sowthmelgunde
1280 1800 1330 1844 et
1367 1795 1549 1843 Aldbar
1572 1795 1695 1843 infra
1728 1795 2111 1844 vicecomitatum
2135 1797 2194 1844 de
2219 1797 2414 1845 Forfare

488 1913 498 1922 ·
538 1913 548 1922 ·
587 1913 596 1922 ·
635 1885 810 1933 Sciatis
850 1900 926 1932 me
971 1883 1120 1932 libere
1167 1883 1352 1932 dedisse
1391 1912 1401 1921 ·
1440 1912 1450 1922 ·
1489 1911 1500 1922 ·
1536 1888 1586 1932 et
1627 1884 1890 1947 assignasse
1937 1899 2044 1932 cum
2090 1900 2321 1934 consensu
2367 1891 2415 1934 et

485 1989 679 2022 assensu
727 1973 907 2020 Thome
947 1972 1135 2020 heredis
1180 1972 1273 2020 mei
1322 2000 1332 2009 ·
1385 1973 1670 2020 Reuerendo
1718 2000 1728 2010 ·
1768 2001 1777 2010 ·
1817 2001 1827 2011 ·
1874 1973 2000 2036 patri
2045 1974 2257 2022 Johanni
2306 2003 2315 2012 ·
2355 2003 2365 2012 ·
2405 2004 2414 2012 -

487 2062 724 2125 Episcopo
765 2059 1074 2108 Brechinensi
1114 2076 1200 2123 pro
1245 2060 1342 2108 suis
1388 2060 1728 2124 multiplicibus
1767 2061 2030 2111 benefactis
2069 2062 2213 2110 michi
2258 2065 2416 2128 sepius

484 2151 776 2214 temporibus
817 2149 1067 2198 retroactis
1105 2149 1337 2212 gratuiter
1376 2149 1601 2212 impensis
1641 2150 1891 2213 quemdam
1931 2165 2138 2198 annuum
2179 2151 2415 2200 redditum

485 2240 650 2302 viginti
685 2255 770 2288 sex
806 2237 1060 2287 solidorum
1097 2241 1147 2285 et
1181 2241 1291 2285 octo
1314 2237 1611 2286 denariorum
1644 2236 1821 2286 usualis
1842 2242 2032 2286 monete
2057 2239 2218 2287 Scotie
2241 2256 2418 2288 annua·

485 2329 570 2376 tim
596 2331 645 2375 et
668 2343 753 2391 pro
776 2330 1006 2390 perpetuo
1029 2341 1115 2389 per
1138 2326 1316 2373 dictum
1356 2354 1366 2363 ·
1405 2354 1414 2363 ·
1455 2354 1464 2364 ·
1501 2326 1774 2389 episcopum
1798 2330 1847 2374 et
1871 2342 1982 2375 suos
2004 2327 2268 2390 assignatos
2306 2357 2315 2366 ·
2355 2358 2365 2367 ·

485 2418 546 2464 ad
591 2417 715 2464 festa
765 2415 1072 2463 Pentecostes
1128 2418 1178 2462 et
1231 2413 1396 2461 Sancti
1449 2413 1648 2461 Martini
1706 2414 1754 2460 in
1809 2430 1946 2476 yeme
1995 2443 2005 2452 ·
2057 2444 2067 2453 ·
2118 2415 2416 2465 -leuandum

609 2533 618 2542 ·
666 2505 725 2552 de
776 2532 785 2541 ·
836 2532 846 2541 ·
897 2531 908 2541 ·
954 2503 1240 2551 tenementis
1275 2507 1325 2550 et
1358 2502 1500 2550 terris
1534 2502 1653 2550 meis
1686 2502 1999 2565 infrascriptis
2038 2505 2295 2553 secundum
2342 2522 2416 2554 or-

486 2595 642 2642 dinem
679 2593 1030 2655 infrascriptum
1077 2591 1161 2639 viz.
1204 2592 1263 2638 de
1313 2594 1586 2638 tenemento
1619 2589 1802 2652 anglice
1836 2595 2005 2639 vocato
2052 2592 2415 2656 Lammyslande

477 2684 669 2744 jacente
692 2682 814 2729 infra
837 2680 1081 2728 ciuitatem
1103 2679 1468 2727 Brechinensem
1507 2705 1518 2716 ·
1556 2678 1623 2726 Et
1646 2678 1906 2726 deficiendo
1938 2680 1996 2727 de
2028 2679 2263 2730 solutione
2287 2683 2413 2731 dicte

483 2786 662 2820 summe
703 2771 762 2817 de
803 2768 886 2817 illo
924 2772 1198 2816 tenemento
1235 2784 1298 2815 ex
1338 2767 1493 2815 causis
1530 2766 1808 2829 subscriptis
1845 2766 1920 2814 vel
1955 2767 2116 2831 aliqua
2153 2785 2314 2818 earum
2355 2774 2414 2819 de

482 2861 755 2908 tenemento
795 2873 900 2905 meo
946 2865 1116 2904 vocato
1155 2855 1338 2919 anglice
1380 2854 1819 2904 Wischardislande
1865 2871 1956 2918 que
2003 2857 2096 2904 duo
2141 2861 2415 2908 tenementa

476 2948 640 3009 jacent
664 2946 713 2992 in
736 2949 871 3008 parte
896 2944 1114 2992 orientali
1139 2945 1198 2991 de
1222 2944 1298 2992 via
1321 2943 1504 2992 directa
1525 2958 1688 2992 versus
1712 2942 1922 2991 Glenesk
1945 2944 2070 2992 inter
2090 2948 2413 2996 tenementum

484 3035 643 3082 Dauid
687 3033 946 3096 Dempstar
991 3049 1056 3080 ex
1100 3037 1236 3095 parte
1277 3030 1457 3080 boreali
1490 3031 1551 3080 ab
1587 3047 1682 3079 una
1726 3035 1776 3079 et
1821 3032 1855 3078 J
1858 3032 1995 3080 acobi
2036 3034 2095 3081 de
2135 3035 2305 3097 Rynde
2351 3053 2413 3084 ex

482 3128 617 3187 parte
640 3120 838 3170 australi
878 3121 938 3168 ab
975 3120 1071 3168 alia
1106 3125 1242 3184 parte
1280 3148 1291 3158 ·
1328 3111 1432 3175 Que
1457 3120 1550 3168 duo
1573 3123 1847 3168 tenementa
1877 3135 1963 3182 ego
1997 3125 2138 3170 teneo
2173 3123 2222 3169 in
2256 3125 2412 3188 capite

484 3213 542 3259 de
579 3210 768 3259 domino
802 3209 1041 3272 Episcopo
1075 3208 1383 3257 Brechinensi
1420 3235 1432 3246 ·
1469 3208 1652 3263 Quibus
1681 3207 2005 3256 deficientibus
2041 3213 2094 3256 ut
2132 3210 2311 3259 dictum
2339 3218 2413 3261 est

483 3302 541 3348 de
564 3301 840 3348 tenemento
864 3312 969 3344 meo
986 3297 1179 3358 jacente
1203 3296 1328 3344 inter
1349 3294 1518 3344 fabrile
1542 3295 1665 3358 regis
1682 3310 1713 3343 a
1734 3298 1872 3358 parte
1907 3295 2191 3346 occidentali
2225 3299 2285 3347 ab
2321 3317 2413 3348 una
