<?xml version="1.0" encoding="UTF-8"?>
<!DOCTYPE html PUBLIC "-//W3C//DTD XHTML 1.0 Transitional//EN"
    "http://www.w3.org/TR/xhtml1/DTD/xhtml1-transitional.dtd">
<html xmlns="http://www.w3.org/1999/xhtml" xml:lang="en" lang="en">
 <head>
  <title>
</title>
<meta http-equiv="Content-Type" content="text/html;charset=utf-8" />
  <meta name='ocr-system' content='tesseract 3.04.00' />
  <meta name='ocr-capabilities' content='ocr_page ocr_carea ocr_par ocr_line ocrx_word'/>
</head>
<body>
  <div class='ocr_page' id='page_1' title='image "./registrumepiscop01brecuoft_0168.png"; bbox 0 0 2950 3970; ppageno 0'>
   <div class='ocr_carea' id='block_1_1' title="bbox 516 628 2353 687">
    <p class='ocr_par' dir='ltr' id='par_1_1' title="bbox 516 628 2353 687">
     <span class='ocr_line' id='line_1_1' title="bbox 516 628 2353 687; baseline 0.002 -3"><span class='ocrx_word' id='word_1_1' title='bbox 516 633 586 685; x_wconf 89' lang='lat'>56</span> <span class='ocrx_word' id='word_1_2' title='bbox 682 628 1143 686; x_wconf 74' lang='lat' dir='ltr'><strong>REGISTRUM</strong></span> <span class='ocrx_word' id='word_1_3' title='bbox 1181 630 1720 686; x_wconf 86' lang='lat' dir='ltr'>EPISCOPATUS</span> <span class='ocrx_word' id='word_1_4' title='bbox 1761 631 2353 687; x_wconf 85' lang='lat' dir='ltr'>BRECHINENSIS.</span> 
     </span>
    </p>
   </div>
   <div class='ocr_carea' id='block_1_2' title="bbox 510 819 2439 1412">
    <p class='ocr_par' dir='ltr' id='par_1_2' title="bbox 510 819 2439 1412">
     <span class='ocr_line' id='line_1_2' title="bbox 516 819 2434 884; baseline 0.001 -18"><span class='ocrx_word' id='word_1_5' title='bbox 516 820 725 883; x_wconf 75' lang='lat' dir='ltr'>presenti</span> <span class='ocrx_word' id='word_1_6' title='bbox 766 823 898 867; x_wconf 88' lang='lat' dir='ltr'>carte</span> <span class='ocrx_word' id='word_1_7' title='bbox 934 823 1095 867; x_wconf 93' lang='lat' dir='ltr'>nostre</span> <span class='ocrx_word' id='word_1_8' title='bbox 1131 834 1350 881; x_wconf 85' lang='lat' dir='ltr'>magnum</span> <span class='ocrx_word' id='word_1_9' title='bbox 1388 819 1589 881; x_wconf 86' lang='lat' dir='ltr'>sigillum</span> <span class='ocrx_word' id='word_1_10' title='bbox 1627 823 1841 868; x_wconf 86' lang='lat' dir='ltr'>nostrum</span> <span class='ocrx_word' id='word_1_11' title='bbox 1881 820 2054 883; x_wconf 86' lang='lat' dir='ltr'>apponi</span> <span class='ocrx_word' id='word_1_12' title='bbox 2091 822 2387 884; x_wconf 82' lang='lat' dir='ltr'>precepimus</span> <span class='ocrx_word' id='word_1_13' title='bbox 2425 849 2434 857; x_wconf 93' lang='lat'><em>-</em></span> 
     </span>
     <span class='ocr_line' id='line_1_3' title="bbox 518 906 2439 973; baseline 0.001 -19"><span class='ocrx_word' id='word_1_14' title='bbox 518 907 737 956; x_wconf 85' lang='lat' dir='ltr'>Testibus</span> <span class='ocrx_word' id='word_1_15' title='bbox 759 907 1018 955; x_wconf 90' lang='lat' dir='ltr'>reuerendo</span> <span class='ocrx_word' id='word_1_16' title='bbox 1041 907 1089 953; x_wconf 91' lang='lat' dir='ltr'>in</span> <span class='ocrx_word' id='word_1_17' title='bbox 1115 906 1273 954; x_wconf 90' lang='lat' dir='ltr'>Cristo</span> <span class='ocrx_word' id='word_1_18' title='bbox 1296 911 1432 970; x_wconf 90' lang='lat' dir='ltr'>patre</span> <span class='ocrx_word' id='word_1_19' title='bbox 1456 907 1489 953; x_wconf 88' lang='lat' dir='ltr'><strong>J</strong></span> <span class='ocrx_word' id='word_1_20' title='bbox 1493 907 1678 954; x_wconf 88' lang='lat' dir='ltr'>ohanne</span> <span class='ocrx_word' id='word_1_21' title='bbox 1702 907 1924 973; x_wconf 76' lang='lat' dir='ltr'>episcope</span> <span class='ocrx_word' id='word_1_22' title='bbox 1950 907 2230 971; x_wconf 87' lang='lat' dir='ltr'>Glasguensi</span> <span class='ocrx_word' id='word_1_23' title='bbox 2254 908 2439 956; x_wconf 88' lang='lat' dir='ltr'>cancel-</span> 
     </span>
     <span class='ocr_line' id='line_1_4' title="bbox 513 995 2438 1059; baseline 0.001 -16"><span class='ocrx_word' id='word_1_24' title='bbox 513 997 632 1044; x_wconf 88' lang='lat' dir='ltr'>lario</span> <span class='ocrx_word' id='word_1_25' title='bbox 668 1000 830 1044; x_wconf 89' lang='lat' dir='ltr'>nostro</span> <span class='ocrx_word' id='word_1_26' title='bbox 865 996 899 1042; x_wconf 85' lang='lat' dir='ltr'>J</span> <span class='ocrx_word' id='word_1_27' title='bbox 903 996 1086 1043; x_wconf 89' lang='lat' dir='ltr'>ohanne</span> <span class='ocrx_word' id='word_1_28' title='bbox 1126 995 1383 1043; x_wconf 88' lang='lat' dir='ltr'>Forestarii</span> <span class='ocrx_word' id='word_1_29' title='bbox 1420 995 1691 1042; x_wconf 87' lang='lat' dir='ltr'>Camerario</span> <span class='ocrx_word' id='word_1_30' title='bbox 1726 999 1889 1043; x_wconf 86' lang='lat' dir='ltr'>nostro</span> <span class='ocrx_word' id='word_1_31' title='bbox 1915 995 2134 1044; x_wconf 89' lang='lat' dir='ltr'>Waltero</span> <span class='ocrx_word' id='word_1_32' title='bbox 2173 998 2230 1044; x_wconf 90' lang='lat' dir='ltr'>de</span> <span class='ocrx_word' id='word_1_33' title='bbox 2267 996 2438 1059; x_wconf 85' lang='lat' dir='ltr'>Ogilby</span> 
     </span>
     <span class='ocr_line' id='line_1_5' title="bbox 512 1082 2438 1147; baseline -0.001 -14"><span class='ocrx_word' id='word_1_34' title='bbox 512 1084 807 1133; x_wconf 90' lang='lat' dir='ltr'>thesuarario</span> <span class='ocrx_word' id='word_1_35' title='bbox 830 1087 994 1132; x_wconf 91' lang='lat' dir='ltr'>nostro</span> <span class='ocrx_word' id='word_1_36' title='bbox 1017 1083 1246 1131; x_wconf 77' lang='lat' dir='ltr'>militibus</span> <span class='ocrx_word' id='word_1_37' title='bbox 1270 1083 1495 1146; x_wconf 88' lang='lat' dir='ltr'>magistro</span> <span class='ocrx_word' id='word_1_38' title='bbox 1521 1082 1765 1130; x_wconf 89' lang='lat' dir='ltr'>Willelmo</span> <span class='ocrx_word' id='word_1_39' title='bbox 1791 1083 1954 1132; x_wconf 87' lang='lat' dir='ltr'>Foulis</span> <span class='ocrx_word' id='word_1_40' title='bbox 1977 1084 2216 1147; x_wconf 90' lang='lat' dir='ltr'>preposito</span> <span class='ocrx_word' id='word_1_41' title='bbox 2239 1084 2438 1132; x_wconf 80' lang='lat' dir='ltr'>ecclesie</span> 
     </span>
     <span class='ocr_line' id='line_1_6' title="bbox 514 1171 2438 1236; baseline 0 -15"><span class='ocrx_word' id='word_1_42' title='bbox 514 1174 761 1236; x_wconf 89' lang='lat' dir='ltr'>collegiate</span> <span class='ocrx_word' id='word_1_43' title='bbox 797 1174 856 1221; x_wconf 91' lang='lat' dir='ltr'>de</span> <span class='ocrx_word' id='word_1_44' title='bbox 892 1171 1115 1220; x_wconf 86' lang='lat' dir='ltr'>Bothuile</span> <span class='ocrx_word' id='word_1_45' title='bbox 1141 1172 1291 1220; x_wconf 79' lang='lat' dir='ltr'>nostri</span> <span class='ocrx_word' id='word_1_46' title='bbox 1315 1171 1490 1235; x_wconf 88' lang='lat' dir='ltr'>priuati</span> <span class='ocrx_word' id='word_1_47' title='bbox 1514 1171 1656 1234; x_wconf 85' lang='lat' dir='ltr'>sigilli</span> <span class='ocrx_word' id='word_1_48' title='bbox 1691 1173 1886 1219; x_wconf 90' lang='lat' dir='ltr'>custode</span> <span class='ocrx_word' id='word_1_49' title='bbox 1923 1176 1972 1219; x_wconf 90' lang='lat' dir='ltr'>et</span> <span class='ocrx_word' id='word_1_50' title='bbox 2008 1173 2232 1235; x_wconf 87' lang='lat' dir='ltr'>magistro</span> <span class='ocrx_word' id='word_1_51' title='bbox 2257 1173 2438 1221; x_wconf 87' lang='lat' dir='ltr'>Thoma</span> 
     </span>
     <span class='ocr_line' id='line_1_7' title="bbox 510 1259 2439 1325; baseline 0.001 -16"><span class='ocrx_word' id='word_1_52' title='bbox 510 1264 575 1310; x_wconf 88' lang='lat' dir='ltr'>de</span> <span class='ocrx_word' id='word_1_53' title='bbox 619 1263 877 1325; x_wconf 83' lang='lat' dir='ltr'>Myretoun</span> <span class='ocrx_word' id='word_1_54' title='bbox 913 1261 1092 1307; x_wconf 89' lang='lat' dir='ltr'>decano</span> <span class='ocrx_word' id='word_1_55' title='bbox 1145 1259 1428 1323; x_wconf 83' lang='lat' dir='ltr'>Gla-sguensi</span> <span class='ocrx_word' id='word_1_56' title='bbox 1466 1260 1591 1323; x_wconf 87' lang='lat' dir='ltr'>apud</span> <span class='ocrx_word' id='word_1_57' title='bbox 1633 1259 1910 1322; x_wconf 91' lang='lat' dir='ltr'>Edinburgh</span> <span class='ocrx_word' id='word_1_58' title='bbox 1954 1260 2118 1308; x_wconf 90' lang='lat' dir='ltr'>ultimo</span> <span class='ocrx_word' id='word_1_59' title='bbox 2154 1261 2230 1308; x_wconf 88' lang='lat' dir='ltr'>die</span> <span class='ocrx_word' id='word_1_60' title='bbox 2265 1263 2439 1310; x_wconf 86' lang='lat' dir='ltr'>mensis</span> 
     </span>
     <span class='ocr_line' id='line_1_8' title="bbox 519 1349 1724 1412; baseline -0.002 -14"><span class='ocrx_word' id='word_1_61' title='bbox 519 1350 803 1398; x_wconf 89' lang='lat' dir='ltr'>Nouembris</span> <span class='ocrx_word' id='word_1_62' title='bbox 827 1366 950 1398; x_wconf 90' lang='lat' dir='ltr'>anno</span> <span class='ocrx_word' id='word_1_63' title='bbox 975 1349 1104 1411; x_wconf 87' lang='lat' dir='ltr'>regni</span> <span class='ocrx_word' id='word_1_64' title='bbox 1127 1350 1278 1397; x_wconf 88' lang='lat' dir='ltr'>nostri</span> <span class='ocrx_word' id='word_1_65' title='bbox 1296 1349 1518 1398; x_wconf 85' lang='lat' dir='ltr'>vicesimo</span> <span class='ocrx_word' id='word_1_66' title='bbox 1542 1352 1724 1412; x_wconf 87' lang='lat' dir='ltr'>quarto.</span> 
     </span>
    </p>
   </div>
   <div class='ocr_carea' id='block_1_3' title="bbox 461 1547 2432 1702">
    <p class='ocr_par' dir='ltr' id='par_1_3' title="bbox 461 1547 2432 1702">
     <span class='ocr_line' id='line_1_9' title="bbox 461 1547 2432 1614; baseline -0.001 -16"><span class='ocrx_word' id='word_1_67' title='bbox 461 1552 489 1579; x_wconf 79' lang='lat'><em>*</em></span> <span class='ocrx_word' id='word_1_68' title='bbox 513 1552 876 1614; x_wconf 86' lang='lat' dir='ltr'>Transumptum</span> <span class='ocrx_word' id='word_1_69' title='bbox 916 1551 974 1597; x_wconf 87' lang='lat' dir='ltr'>de</span> <span class='ocrx_word' id='word_1_70' title='bbox 1009 1550 1162 1598; x_wconf 90' lang='lat' dir='ltr'>tribus</span> <span class='ocrx_word' id='word_1_71' title='bbox 1187 1550 1331 1598; x_wconf 85' lang='lat' dir='ltr'>cartis</span> <span class='ocrx_word' id='word_1_72' title='bbox 1354 1547 1690 1613; x_wconf 90' lang='lat' dir='ltr'>principalibus</span> <span class='ocrx_word' id='word_1_73' title='bbox 1725 1547 1924 1597; x_wconf 88' lang='lat' dir='ltr'>ecclesie</span> <span class='ocrx_word' id='word_1_74' title='bbox 1950 1549 2283 1598; x_wconf 88' lang='lat' dir='ltr'>Brechinensis</span> <span class='ocrx_word' id='word_1_75' title='bbox 2320 1578 2330 1587; x_wconf 93' lang='lat'><strong>·</strong></span> <span class='ocrx_word' id='word_1_76' title='bbox 2369 1551 2432 1597; x_wconf 91' lang='lat' dir='ltr'>Et</span> 
     </span>
     <span class='ocr_line' id='line_1_10' title="bbox 512 1639 1077 1702; baseline -0.002 -16"><span class='ocrx_word' id='word_1_77' title='bbox 512 1639 607 1687; x_wconf 89' lang='lat' dir='ltr'>alia</span> <span class='ocrx_word' id='word_1_78' title='bbox 629 1642 929 1702; x_wconf 88' lang='lat' dir='ltr'>transumpta</span> <span class='ocrx_word' id='word_1_79' title='bbox 953 1642 1029 1686; x_wconf 89' lang='lat' dir='ltr'>etc</span> <span class='ocrx_word' id='word_1_80' title='bbox 1067 1666 1077 1675; x_wconf 90' lang='lat'><strong>·</strong></span> 
     </span>
    </p>
   </div>
   <div class='ocr_carea' id='block_1_4' title="bbox 425 1741 2438 3331">
    <p class='ocr_par' dir='ltr' id='par_1_4' title="bbox 425 1741 2438 3331">
     <span class='ocr_line' id='line_1_11' title="bbox 425 1741 2433 1836; baseline 0.001 -18"><span class='ocrx_word' id='word_1_81' title='bbox 425 1772 488 1819; x_wconf 87' lang='grc'>38</span> <span class='ocrx_word' id='word_1_82' title='bbox 523 1741 678 1821; x_wconf 75' lang='lat' dir='ltr'>Cum</span> <span class='ocrx_word' id='word_1_83' title='bbox 702 1771 831 1834; x_wconf 92' lang='lat' dir='ltr'>pium</span> <span class='ocrx_word' id='word_1_84' title='bbox 869 1770 931 1818; x_wconf 92' lang='lat' dir='ltr'>sit</span> <span class='ocrx_word' id='word_1_85' title='bbox 968 1774 1017 1817; x_wconf 90' lang='lat' dir='ltr'>et</span> <span class='ocrx_word' id='word_1_86' title='bbox 1055 1770 1346 1818; x_wconf 89' lang='lat' dir='ltr'>meritorium</span> <span class='ocrx_word' id='word_1_87' title='bbox 1369 1770 1691 1818; x_wconf 89' lang='lat' dir='ltr'>testimonium</span> <span class='ocrx_word' id='word_1_88' title='bbox 1728 1771 1973 1834; x_wconf 88' lang='lat' dir='ltr'>perhibere</span> <span class='ocrx_word' id='word_1_89' title='bbox 1996 1771 2187 1820; x_wconf 83' lang='lat' dir='ltr'>veritati</span> <span class='ocrx_word' id='word_1_90' title='bbox 2211 1772 2433 1836; x_wconf 89' lang='lat' dir='ltr'>precipue</span> 
     </span>
     <span class='ocr_line' id='line_1_12' title="bbox 513 1857 2436 1922; baseline 0.001 -16"><span class='ocrx_word' id='word_1_91' title='bbox 513 1861 560 1907; x_wconf 90' lang='lat' dir='ltr'>in</span> <span class='ocrx_word' id='word_1_92' title='bbox 595 1860 686 1907; x_wconf 93' lang='lat' dir='ltr'>hiis</span> <span class='ocrx_word' id='word_1_93' title='bbox 712 1859 850 1907; x_wconf 88' lang='lat' dir='ltr'>rebus</span> <span class='ocrx_word' id='word_1_94' title='bbox 887 1874 977 1922; x_wconf 92' lang='lat' dir='ltr'>que</span> <span class='ocrx_word' id='word_1_95' title='bbox 1015 1857 1318 1906; x_wconf 89' lang='lat' dir='ltr'>ecclesiarum</span> <span class='ocrx_word' id='word_1_96' title='bbox 1357 1858 1604 1906; x_wconf 76' lang='lat' dir='ltr'>libertates</span> <span class='ocrx_word' id='word_1_97' title='bbox 1641 1863 1690 1907; x_wconf 91' lang='lat' dir='ltr'>et</span> <span class='ocrx_word' id='word_1_98' title='bbox 1726 1858 1974 1922; x_wconf 88' lang='lat' dir='ltr'>priuilegia</span> <span class='ocrx_word' id='word_1_99' title='bbox 2010 1875 2071 1907; x_wconf 86' lang='lat' dir='ltr'>ex</span> <span class='ocrx_word' id='word_1_100' title='bbox 2108 1860 2287 1908; x_wconf 89' lang='lat' dir='ltr'>intimis</span> <span class='ocrx_word' id='word_1_101' title='bbox 2327 1876 2436 1908; x_wconf 93' lang='lat' dir='ltr'>con-</span> 
     </span>
     <span class='ocr_line' id='line_1_13' title="bbox 513 1947 2433 2011; baseline 0 -15"><span class='ocrx_word' id='word_1_102' title='bbox 513 1964 703 1996; x_wconf 90' lang='lat' dir='ltr'>cernere</span> <span class='ocrx_word' id='word_1_103' title='bbox 740 1948 958 1995; x_wconf 83' lang='lat' dir='ltr'>videntur</span> <span class='ocrx_word' id='word_1_104' title='bbox 995 1947 1106 1994; x_wconf 91' lang='lat' dir='ltr'>hinc</span> <span class='ocrx_word' id='word_1_105' title='bbox 1141 1951 1216 1995; x_wconf 92' lang='lat' dir='ltr'>est</span> <span class='ocrx_word' id='word_1_106' title='bbox 1254 1948 1377 2010; x_wconf 93' lang='lat' dir='ltr'>quod</span> <span class='ocrx_word' id='word_1_107' title='bbox 1416 1963 1503 1995; x_wconf 92' lang='lat' dir='ltr'>nos</span> <span class='ocrx_word' id='word_1_108' title='bbox 1542 1948 1781 1996; x_wconf 86' lang='lat' dir='ltr'>Robertus</span> <span class='ocrx_word' id='word_1_109' title='bbox 1820 1948 1913 1995; x_wconf 92' lang='lat' dir='ltr'>Dei</span> <span class='ocrx_word' id='word_1_110' title='bbox 1938 1953 1986 1996; x_wconf 91' lang='lat' dir='ltr'>et</span> <span class='ocrx_word' id='word_1_111' title='bbox 2010 1948 2269 2011; x_wconf 90' lang='lat' dir='ltr'>apostolice</span> <span class='ocrx_word' id='word_1_112' title='bbox 2307 1950 2433 1998; x_wconf 89' lang='lat' dir='ltr'>sedis</span> 
     </span>
     <span class='ocr_line' id='line_1_14' title="bbox 511 2034 2438 2102; baseline 0.001 -18"><span class='ocrx_word' id='word_1_113' title='bbox 511 2037 670 2100; x_wconf 82' lang='lat' dir='ltr'>gracia</span> <span class='ocrx_word' id='word_1_114' title='bbox 692 2036 938 2099; x_wconf 86' lang='lat' dir='ltr'>episcopus</span> <span class='ocrx_word' id='word_1_115' title='bbox 962 2034 1313 2083; x_wconf 86' lang='lat' dir='ltr'>Dunkeldensis</span> <span class='ocrx_word' id='word_1_116' title='bbox 1337 2035 1650 2084; x_wconf 87' lang='lat' dir='ltr'>certificamus</span> <span class='ocrx_word' id='word_1_117' title='bbox 1674 2036 1889 2085; x_wconf 90' lang='lat' dir='ltr'>omnibus</span> <span class='ocrx_word' id='word_1_118' title='bbox 1913 2053 2108 2100; x_wconf 92' lang='lat' dir='ltr'>quorum</span> <span class='ocrx_word' id='word_1_119' title='bbox 2133 2038 2331 2086; x_wconf 87' lang='lat' dir='ltr'>interest</span> <span class='ocrx_word' id='word_1_120' title='bbox 2352 2055 2438 2102; x_wconf 90' lang='lat' dir='ltr'>per</span> 
     </span>
     <span class='ocr_line' id='line_1_15' title="bbox 511 2123 2434 2188; baseline 0.002 -17"><span class='ocrx_word' id='word_1_121' title='bbox 511 2130 756 2188; x_wconf 84' lang='lat' dir='ltr'>presentes</span> <span class='ocrx_word' id='word_1_122' title='bbox 780 2125 903 2188; x_wconf 91' lang='lat' dir='ltr'>quod</span> <span class='ocrx_word' id='word_1_123' title='bbox 922 2124 1057 2172; x_wconf 89' lang='lat' dir='ltr'>nobis</span> <span class='ocrx_word' id='word_1_124' title='bbox 1074 2139 1160 2187; x_wconf 93' lang='lat' dir='ltr'>pro</span> <span class='ocrx_word' id='word_1_125' title='bbox 1177 2123 1400 2172; x_wconf 87' lang='lat' dir='ltr'>tribunali</span> <span class='ocrx_word' id='word_1_126' title='bbox 1420 2124 1466 2170; x_wconf 92' lang='lat' dir='ltr'>in</span> <span class='ocrx_word' id='word_1_127' title='bbox 1479 2123 1660 2186; x_wconf 88' lang='lat' dir='ltr'>judicio</span> <span class='ocrx_word' id='word_1_128' title='bbox 1679 2125 1953 2173; x_wconf 85' lang='lat' dir='ltr'>sedentibus</span> <span class='ocrx_word' id='word_1_129' title='bbox 1969 2125 2195 2188; x_wconf 89' lang='lat' dir='ltr'>magistro</span> <span class='ocrx_word' id='word_1_130' title='bbox 2213 2126 2434 2175; x_wconf 87' lang='lat' dir='ltr'>Donaldo</span> 
     </span>
     <span class='ocr_line' id='line_1_16' title="bbox 511 2212 2431 2262; baseline 0.001 -2"><span class='ocrx_word' id='word_1_131' title='bbox 511 2215 568 2260; x_wconf 91' lang='lat' dir='ltr'>de</span> <span class='ocrx_word' id='word_1_132' title='bbox 609 2213 936 2260; x_wconf 86' lang='lat' dir='ltr'>Maknachane</span> <span class='ocrx_word' id='word_1_133' title='bbox 974 2213 1152 2260; x_wconf 87' lang='lat' dir='ltr'>decano</span> <span class='ocrx_word' id='word_1_134' title='bbox 1188 2216 1351 2260; x_wconf 90' lang='lat' dir='ltr'>nostro</span> <span class='ocrx_word' id='word_1_135' title='bbox 1389 2216 1437 2259; x_wconf 91' lang='lat' dir='ltr'>et</span> <span class='ocrx_word' id='word_1_136' title='bbox 1474 2212 1662 2260; x_wconf 89' lang='lat' dir='ltr'>officiali</span> <span class='ocrx_word' id='word_1_137' title='bbox 1685 2228 1742 2260; x_wconf 88' lang='lat' dir='ltr'>ac</span> <span class='ocrx_word' id='word_1_138' title='bbox 1766 2213 2061 2261; x_wconf 88' lang='lat' dir='ltr'>decretorum</span> <span class='ocrx_word' id='word_1_139' title='bbox 2097 2215 2291 2262; x_wconf 90' lang='lat' dir='ltr'>doctore</span> <span class='ocrx_word' id='word_1_140' title='bbox 2325 2230 2431 2262; x_wconf 89' lang='lat' dir='ltr'>cum</span> 
     </span>
     <span class='ocr_line' id='line_1_17' title="bbox 514 2304 2435 2370; baseline 0.002 -18"><span class='ocrx_word' id='word_1_141' title='bbox 514 2306 712 2354; x_wconf 89' lang='lat' dir='ltr'>diuersis</span> <span class='ocrx_word' id='word_1_142' title='bbox 745 2305 852 2353; x_wconf 87' lang='lat' dir='ltr'>aliis</span> <span class='ocrx_word' id='word_1_143' title='bbox 897 2305 1033 2352; x_wconf 92' lang='lat' dir='ltr'>nobis</span> <span class='ocrx_word' id='word_1_144' title='bbox 1078 2304 1412 2352; x_wconf 86' lang='lat' dir='ltr'>assistentibus</span> <span class='ocrx_word' id='word_1_145' title='bbox 1457 2321 1541 2369; x_wconf 91' lang='lat' dir='ltr'>per</span> <span class='ocrx_word' id='word_1_146' title='bbox 1587 2308 1894 2354; x_wconf 88' lang='lat' dir='ltr'>reuerendum</span> <span class='ocrx_word' id='word_1_147' title='bbox 1936 2311 2119 2370; x_wconf 87' lang='lat' dir='ltr'>patrem</span> <span class='ocrx_word' id='word_1_148' title='bbox 2164 2308 2198 2355; x_wconf 88' lang='lat' dir='ltr'><strong>J</strong></span> <span class='ocrx_word' id='word_1_149' title='bbox 2202 2308 2435 2356; x_wconf 86' lang='lat' dir='ltr'>ohannem</span> 
     </span>
     <span class='ocr_line' id='line_1_18' title="bbox 512 2393 2435 2458; baseline 0.002 -16"><span class='ocrx_word' id='word_1_150' title='bbox 512 2397 674 2443; x_wconf 89' lang='lat' dir='ltr'>eadem</span> <span class='ocrx_word' id='word_1_151' title='bbox 711 2394 865 2457; x_wconf 87' lang='lat' dir='ltr'>gratia</span> <span class='ocrx_word' id='word_1_152' title='bbox 899 2394 1170 2456; x_wconf 89' lang='lat' dir='ltr'>episcopum</span> <span class='ocrx_word' id='word_1_153' title='bbox 1210 2393 1577 2442; x_wconf 89' lang='lat' dir='ltr'>Brechinensem</span> <span class='ocrx_word' id='word_1_154' title='bbox 1614 2398 1888 2458; x_wconf 86' lang='lat' dir='ltr'>presentate</span> <span class='ocrx_word' id='word_1_155' title='bbox 1928 2395 2064 2444; x_wconf 91' lang='lat' dir='ltr'>nobis</span> <span class='ocrx_word' id='word_1_156' title='bbox 2108 2396 2298 2444; x_wconf 85' lang='lat' dir='ltr'>fuerunt</span> <span class='ocrx_word' id='word_1_157' title='bbox 2337 2401 2435 2446; x_wconf 90' lang='lat' dir='ltr'>tres</span> 
     </span>
     <span class='ocr_line' id='line_1_19' title="bbox 513 2482 2435 2548; baseline 0.001 -16"><span class='ocrx_word' id='word_1_158' title='bbox 513 2488 642 2532; x_wconf 87' lang='lat' dir='ltr'>carte</span> <span class='ocrx_word' id='word_1_159' title='bbox 667 2484 811 2530; x_wconf 86' lang='lat' dir='ltr'>trium</span> <span class='ocrx_word' id='word_1_160' title='bbox 832 2498 992 2545; x_wconf 88' lang='lat' dir='ltr'>regum</span> <span class='ocrx_word' id='word_1_161' title='bbox 1018 2482 1183 2529; x_wconf 90' lang='lat' dir='ltr'>Scocie</span> <span class='ocrx_word' id='word_1_162' title='bbox 1209 2482 1291 2528; x_wconf 88' lang='lat' dir='ltr'>viz.</span> <span class='ocrx_word' id='word_1_163' title='bbox 1319 2482 1551 2530; x_wconf 92' lang='lat' dir='ltr'>Willelmi</span> <span class='ocrx_word' id='word_1_164' title='bbox 1578 2483 1779 2530; x_wconf 79' lang='lat' dir='ltr'>Roberti</span> <span class='ocrx_word' id='word_1_165' title='bbox 1797 2487 1846 2530; x_wconf 91' lang='lat' dir='ltr'>et</span> <span class='ocrx_word' id='word_1_166' title='bbox 1872 2483 2031 2532; x_wconf 90' lang='lat' dir='ltr'>Dauid</span> <span class='ocrx_word' id='word_1_167' title='bbox 2055 2500 2216 2532; x_wconf 91' lang='lat' dir='ltr'>eorum</span> <span class='ocrx_word' id='word_1_168' title='bbox 2253 2486 2435 2548; x_wconf 88' lang='lat' dir='ltr'>magnis</span> 
     </span>
     <span class='ocr_line' id='line_1_20' title="bbox 513 2571 2435 2635; baseline 0.001 -15"><span class='ocrx_word' id='word_1_169' title='bbox 513 2573 675 2635; x_wconf 88' lang='lat' dir='ltr'>sigillis</span> <span class='ocrx_word' id='word_1_170' title='bbox 710 2571 1024 2635; x_wconf 91' lang='lat' dir='ltr'>pendentibus</span> <span class='ocrx_word' id='word_1_171' title='bbox 1059 2571 1279 2618; x_wconf 87' lang='lat' dir='ltr'>roborate</span> <span class='ocrx_word' id='word_1_172' title='bbox 1316 2574 1364 2618; x_wconf 91' lang='lat' dir='ltr'>et</span> <span class='ocrx_word' id='word_1_173' title='bbox 1402 2571 1607 2634; x_wconf 87' lang='lat' dir='ltr'>sigillate</span> <span class='ocrx_word' id='word_1_174' title='bbox 1632 2587 1749 2635; x_wconf 85' lang='lat' dir='ltr'>quas</span> <span class='ocrx_word' id='word_1_175' title='bbox 1783 2576 1942 2621; x_wconf 87' lang='lat' dir='ltr'>cartas</span> <span class='ocrx_word' id='word_1_176' title='bbox 1964 2574 2025 2620; x_wconf 92' lang='lat' dir='ltr'>ad</span> <span class='ocrx_word' id='word_1_177' title='bbox 2051 2573 2166 2621; x_wconf 87' lang='lat' dir='ltr'>dicti</span> <span class='ocrx_word' id='word_1_178' title='bbox 2191 2576 2435 2622; x_wconf 86' lang='lat' dir='ltr'>reuerendi</span> 
     </span>
     <span class='ocr_line' id='line_1_21' title="bbox 512 2658 2432 2725; baseline 0.001 -16"><span class='ocrx_word' id='word_1_179' title='bbox 512 2662 662 2725; x_wconf 90' lang='lat' dir='ltr'>patris</span> <span class='ocrx_word' id='word_1_180' title='bbox 684 2663 953 2723; x_wconf 88' lang='lat' dir='ltr'>requestam</span> <span class='ocrx_word' id='word_1_181' title='bbox 977 2658 1163 2722; x_wconf 89' lang='lat' dir='ltr'>publice</span> <span class='ocrx_word' id='word_1_182' title='bbox 1188 2658 1366 2721; x_wconf 86' lang='lat' dir='ltr'>perlegi</span> <span class='ocrx_word' id='word_1_183' title='bbox 1388 2659 1588 2707; x_wconf 87' lang='lat' dir='ltr'>fecimus</span> <span class='ocrx_word' id='word_1_184' title='bbox 1614 2686 1626 2698; x_wconf 89' lang='lat'><strong>·</strong></span> <span class='ocrx_word' id='word_1_185' title='bbox 1653 2660 1770 2708; x_wconf 93' lang='lat' dir='ltr'>Post</span> <span class='ocrx_word' id='word_1_186' title='bbox 1791 2661 2178 2724; x_wconf 88' lang='lat' dir='ltr'>quarumquidem</span> <span class='ocrx_word' id='word_1_187' title='bbox 2202 2662 2432 2711; x_wconf 85' lang='lat' dir='ltr'>lecturam</span> 
     </span>
     <span class='ocr_line' id='line_1_22' title="bbox 514 2747 2435 2815; baseline 0.002 -19"><span class='ocrx_word' id='word_1_188' title='bbox 514 2766 570 2797; x_wconf 89' lang='lat' dir='ltr'>ac</span> <span class='ocrx_word' id='word_1_189' title='bbox 595 2748 865 2810; x_wconf 82' lang='lat' dir='ltr'>diligentem</span> <span class='ocrx_word' id='word_1_190' title='bbox 892 2748 1147 2794; x_wconf 88' lang='lat' dir='ltr'>earundem</span> <span class='ocrx_word' id='word_1_191' title='bbox 1173 2750 1273 2794; x_wconf 89' lang='lat' dir='ltr'>tam</span> <span class='ocrx_word' id='word_1_192' title='bbox 1310 2747 1359 2793; x_wconf 90' lang='lat' dir='ltr'>in</span> <span class='ocrx_word' id='word_1_193' title='bbox 1393 2748 1629 2811; x_wconf 90' lang='lat' dir='ltr'>scriptura</span> <span class='ocrx_word' id='word_1_194' title='bbox 1663 2764 1803 2812; x_wconf 90' lang='lat' dir='ltr'>quam</span> <span class='ocrx_word' id='word_1_195' title='bbox 1826 2748 1875 2795; x_wconf 93' lang='lat' dir='ltr'>in</span> <span class='ocrx_word' id='word_1_196' title='bbox 1899 2748 2064 2812; x_wconf 86' lang='lat' dir='ltr'>sigillis</span> <span class='ocrx_word' id='word_1_197' title='bbox 2087 2751 2147 2797; x_wconf 92' lang='lat' dir='ltr'>ad</span> <span class='ocrx_word' id='word_1_198' title='bbox 2172 2750 2288 2798; x_wconf 91' lang='lat' dir='ltr'>dicti</span> <span class='ocrx_word' id='word_1_199' title='bbox 2313 2753 2435 2815; x_wconf 90' lang='lat' dir='ltr'>epis-</span> 
     </span>
     <span class='ocr_line' id='line_1_23' title="bbox 514 2835 2431 2902; baseline 0.001 -16"><span class='ocrx_word' id='word_1_200' title='bbox 514 2839 618 2902; x_wconf 92' lang='lat' dir='ltr'>copi</span> <span class='ocrx_word' id='word_1_201' title='bbox 643 2841 910 2900; x_wconf 87' lang='lat' dir='ltr'>requestam</span> <span class='ocrx_word' id='word_1_202' title='bbox 945 2835 1343 2883; x_wconf 85' lang='lat' dir='ltr'>examinationem</span> <span class='ocrx_word' id='word_1_203' title='bbox 1380 2836 1639 2899; x_wconf 88' lang='lat' dir='ltr'>reperimus</span> <span class='ocrx_word' id='word_1_204' title='bbox 1678 2837 1803 2900; x_wconf 91' lang='lat' dir='ltr'>quod</span> <span class='ocrx_word' id='word_1_205' title='bbox 1827 2837 1953 2885; x_wconf 92' lang='lat' dir='ltr'>dicte</span> <span class='ocrx_word' id='word_1_206' title='bbox 1977 2842 2107 2886; x_wconf 89' lang='lat' dir='ltr'>carte</span> <span class='ocrx_word' id='word_1_207' title='bbox 2131 2854 2237 2886; x_wconf 88' lang='lat' dir='ltr'>cum</span> <span class='ocrx_word' id='word_1_208' title='bbox 2273 2856 2431 2888; x_wconf 89' lang='lat' dir='ltr'>earum</span> 
     </span>
     <span class='ocr_line' id='line_1_24' title="bbox 514 2919 2434 2990; baseline 0.001 -15"><span class='ocrx_word' id='word_1_209' title='bbox 514 2927 678 2990; x_wconf 89' lang='lat' dir='ltr'>sigillis</span> <span class='ocrx_word' id='word_1_210' title='bbox 712 2941 825 2973; x_wconf 88' lang='lat' dir='ltr'>sane</span> <span class='ocrx_word' id='word_1_211' title='bbox 857 2929 906 2971; x_wconf 92' lang='lat' dir='ltr'>et</span> <span class='ocrx_word' id='word_1_212' title='bbox 943 2924 1124 2987; x_wconf 86' lang='lat' dir='ltr'>integre</span> <span class='ocrx_word' id='word_1_213' title='bbox 1165 2924 1354 2972; x_wconf 89' lang='lat' dir='ltr'>fuerunt</span> <span class='ocrx_word' id='word_1_214' title='bbox 1386 2919 1478 2972; x_wconf 89' lang='lat' dir='ltr'>non</span> <span class='ocrx_word' id='word_1_215' title='bbox 1511 2940 1616 2973; x_wconf 89' lang='lat' dir='ltr'>rase</span> <span class='ocrx_word' id='word_1_216' title='bbox 1654 2941 1748 2973; x_wconf 91' lang='lat' dir='ltr'>non</span> <span class='ocrx_word' id='word_1_217' title='bbox 1795 2925 2055 2974; x_wconf 81' lang='lat' dir='ltr'>cancellato</span> <span class='ocrx_word' id='word_1_218' title='bbox 2100 2942 2261 2989; x_wconf 81' lang='lat' dir='ltr'>ymmo</span> <span class='ocrx_word' id='word_1_219' title='bbox 2307 2931 2434 2977; x_wconf 91' lang='lat' dir='ltr'>omni</span> 
     </span>
     <span class='ocr_line' id='line_1_25' title="bbox 516 2998 2436 3081; baseline 0.002 -18"><span class='ocrx_word' id='word_1_220' title='bbox 516 3030 705 3080; x_wconf 92' lang='lat' dir='ltr'>prorsus</span> <span class='ocrx_word' id='word_1_221' title='bbox 729 3012 1009 3077; x_wconf 88' lang='lat' dir='ltr'>suspicionis</span> <span class='ocrx_word' id='word_1_222' title='bbox 1032 3012 1148 3060; x_wconf 89' lang='lat' dir='ltr'>vitio</span> <span class='ocrx_word' id='word_1_223' title='bbox 1171 3016 1270 3060; x_wconf 91' lang='lat' dir='ltr'>tam</span> <span class='ocrx_word' id='word_1_224' title='bbox 1306 3013 1354 3060; x_wconf 89' lang='lat' dir='ltr'>in</span> <span class='ocrx_word' id='word_1_225' title='bbox 1392 3029 1443 3061; x_wconf 91' lang='lat' dir='ltr'>se</span> <span class='ocrx_word' id='word_1_226' title='bbox 1479 3029 1618 3076; x_wconf 87' lang='lat' dir='ltr'>quam</span> <span class='ocrx_word' id='word_1_227' title='bbox 1644 2998 1691 3061; x_wconf 88' lang='lat' dir='ltr'>in</span> <span class='ocrx_word' id='word_1_228' title='bbox 1715 3018 1812 3062; x_wconf 90' lang='lat' dir='ltr'>suis</span> <span class='ocrx_word' id='word_1_229' title='bbox 1835 3014 1999 3077; x_wconf 85' lang='lat' dir='ltr'>sigillis</span> <span class='ocrx_word' id='word_1_230' title='bbox 2022 3016 2210 3064; x_wconf 91' lang='lat' dir='ltr'>omnino</span> <span class='ocrx_word' id='word_1_231' title='bbox 2233 3022 2282 3065; x_wconf 90' lang='lat' dir='ltr'>et</span> <span class='ocrx_word' id='word_1_232' title='bbox 2306 3019 2436 3081; x_wconf 89' lang='lat' dir='ltr'>peni-</span> 
     </span>
     <span class='ocr_line' id='line_1_26' title="bbox 515 3100 2430 3166; baseline 0.001 -13"><span class='ocrx_word' id='word_1_233' title='bbox 515 3111 594 3153; x_wconf 89' lang='lat' dir='ltr'>tus</span> <span class='ocrx_word' id='word_1_234' title='bbox 634 3106 851 3150; x_wconf 88' lang='lat' dir='ltr'>carentes</span> <span class='ocrx_word' id='word_1_235' title='bbox 891 3102 1024 3148; x_wconf 92' lang='lat' dir='ltr'>cuius</span> <span class='ocrx_word' id='word_1_236' title='bbox 1066 3106 1196 3149; x_wconf 89' lang='lat' dir='ltr'>carte</span> <span class='ocrx_word' id='word_1_237' title='bbox 1239 3100 1471 3149; x_wconf 91' lang='lat' dir='ltr'>Willelmi</span> <span class='ocrx_word' id='word_1_238' title='bbox 1512 3102 1635 3164; x_wconf 90' lang='lat' dir='ltr'>regis</span> <span class='ocrx_word' id='word_1_239' title='bbox 1673 3106 1811 3150; x_wconf 90' lang='lat' dir='ltr'>tenor</span> <span class='ocrx_word' id='word_1_240' title='bbox 1850 3104 2061 3166; x_wconf 89' lang='lat' dir='ltr'>sequitur</span> <span class='ocrx_word' id='word_1_241' title='bbox 2102 3105 2160 3152; x_wconf 91' lang='lat' dir='ltr'>de</span> <span class='ocrx_word' id='word_1_242' title='bbox 2201 3107 2341 3154; x_wconf 87' lang='lat' dir='ltr'>verbo</span> <span class='ocrx_word' id='word_1_243' title='bbox 2383 3107 2430 3154; x_wconf 88' lang='lat' dir='ltr'>in</span> 
     </span>
     <span class='ocr_line' id='line_1_27' title="bbox 515 3189 2432 3254; baseline 0.001 -13"><span class='ocrx_word' id='word_1_244' title='bbox 515 3194 706 3241; x_wconf 83' lang='lat' dir='ltr'>verbum</span> <span class='ocrx_word' id='word_1_245' title='bbox 742 3194 791 3238; x_wconf 89' lang='lat' dir='ltr'>et</span> <span class='ocrx_word' id='word_1_246' title='bbox 826 3193 899 3237; x_wconf 88' lang='lat' dir='ltr'>est</span> <span class='ocrx_word' id='word_1_247' title='bbox 922 3189 1034 3237; x_wconf 88' lang='lat' dir='ltr'>talis</span> <span class='ocrx_word' id='word_1_248' title='bbox 1070 3189 1340 3237; x_wconf 88' lang='lat' dir='ltr'>Willelmus</span> <span class='ocrx_word' id='word_1_249' title='bbox 1378 3190 1487 3237; x_wconf 84' lang='lat' dir='ltr'>Rex</span> <span class='ocrx_word' id='word_1_250' title='bbox 1523 3190 1690 3238; x_wconf 88' lang='lat' dir='ltr'>Scocie</span> <span class='ocrx_word' id='word_1_251' title='bbox 1725 3191 1940 3239; x_wconf 88' lang='lat' dir='ltr'>omnibus</span> <span class='ocrx_word' id='word_1_252' title='bbox 1974 3192 2134 3254; x_wconf 89' lang='lat' dir='ltr'>probis</span> <span class='ocrx_word' id='word_1_253' title='bbox 2167 3193 2432 3243; x_wconf 90' lang='lat' dir='ltr'>hominibus</span> 
     </span>
     <span class='ocr_line' id='line_1_28' title="bbox 514 3273 2431 3331; baseline 0.001 -1"><span class='ocrx_word' id='word_1_254' title='bbox 514 3281 667 3330; x_wconf 91' lang='lat' dir='ltr'>tocius</span> <span class='ocrx_word' id='word_1_255' title='bbox 706 3277 871 3326; x_wconf 86' lang='lat' dir='ltr'>Scocie</span> <span class='ocrx_word' id='word_1_256' title='bbox 909 3273 1108 3325; x_wconf 81' lang='lat' dir='ltr'>salutem</span> <span class='ocrx_word' id='word_1_257' title='bbox 1134 3278 1307 3326; x_wconf 88' lang='lat' dir='ltr'>Sciatis</span> <span class='ocrx_word' id='word_1_258' title='bbox 1347 3294 1420 3326; x_wconf 91' lang='lat' dir='ltr'>me</span> <span class='ocrx_word' id='word_1_259' title='bbox 1459 3279 1742 3328; x_wconf 87' lang='lat' dir='ltr'>concessisse</span> <span class='ocrx_word' id='word_1_260' title='bbox 1767 3284 1816 3327; x_wconf 94' lang='lat' dir='ltr'>et</span> <span class='ocrx_word' id='word_1_261' title='bbox 1840 3283 1974 3328; x_wconf 85' lang='lat' dir='ltr'>carta</span> <span class='ocrx_word' id='word_1_262' title='bbox 1994 3296 2101 3328; x_wconf 88' lang='lat' dir='ltr'>mea</span> <span class='ocrx_word' id='word_1_263' title='bbox 2134 3282 2431 3331; x_wconf 90' lang='lat' dir='ltr'>confirmasse</span> 
     </span>
    </p>
   </div>
  </div>
 </body>
</html>
