2950 3970
501 595 572 647 88
654 593 1120 654 REGISTRUM
1158 597 1700 654 EPISCOPATUS
1742 596 2338 652 BRECHINENSIS.

504 782 742 843 prebende
766 785 825 832 de
850 786 1085 834 Brechine
1110 787 1224 834 inibi
1249 803 1340 850 que
1364 786 1454 835 sibi
1479 786 1705 834 canonice
1730 786 1929 834 debetur
1953 785 2133 833 Decem
2156 800 2215 833 ac
2239 783 2438 848 quilibet

504 869 687 918 illorum
713 872 789 919 cui
814 873 1090 923 Decanatus
1116 874 1420 923 Precentoria
1439 873 1870 923 Archidiaconatus
1893 878 1941 922 et
1966 873 2240 922 Vicariatus
2258 888 2439 920 necnon

506 957 715 1007 Lethnot
756 964 805 1008 et
848 961 1120 1011 Glenberwi
1161 962 1399 1026 prebende
1442 962 1660 1025 Quinque
1701 977 1898 1018 marcas,
1939 961 2087 1010 ceteri
2121 977 2231 1010 vero
2272 961 2440 1025 quibus

503 1046 682 1110 relique
717 1049 973 1111 dignitates
1007 1066 1189 1099 necnon
1224 1051 1531 1098 canonicatus
1565 1053 1614 1097 et
1648 1050 1886 1113 prebende
1921 1049 2048 1097 dicte
2094 1049 2292 1098 ecclesie
2330 1064 2440 1096 con-

504 1135 715 1183 ferentur
747 1153 833 1199 pro
866 1141 1081 1201 tempore
1104 1138 1314 1201 singulos
1343 1138 1669 1200 Quadraginta
1702 1136 1880 1185 solidos
1913 1140 2102 1185 monete
2136 1136 2368 1185 currentis
2391 1137 2440 1184 in

506 1226 803 1273 uestimentis
826 1227 1115 1275 ornamentis
1149 1231 1198 1275 et
1233 1227 1340 1275 aliis
1363 1226 1642 1275 necessariis
1663 1224 1890 1289 predictis
1912 1228 2142 1288 perpetuo
2165 1228 2442 1272 conuerten-

506 1314 578 1361 dis
613 1318 663 1361 et
698 1315 990 1378 exponendis
1024 1315 1072 1362 in
1107 1316 1320 1379 primeuo
1355 1330 1518 1363 eorum
1542 1313 1740 1362 introitu
1775 1313 1833 1360 de
1868 1312 2032 1376 primis
2064 1313 2296 1361 fructibus
2323 1328 2440 1376 quos

509 1401 617 1448 inde
641 1402 903 1466 percipient
927 1403 1110 1452 soluere
1133 1419 1192 1452 ac
1227 1405 1285 1452 de
1320 1403 1412 1452 hiis
1435 1402 1682 1452 seruandis
1703 1401 2109 1465 adimplendisque
2135 1402 2439 1450 securitatem

509 1494 557 1536 et
593 1490 861 1538 cautionem
896 1491 943 1538 in
979 1492 1197 1540 manibus
1220 1492 1405 1540 Decani
1429 1491 1578 1555 ipsius
1600 1490 1799 1539 ecclesie
1833 1506 1919 1554 pro
1953 1494 2165 1553 tempore
2189 1489 2440 1539 existentis

511 1577 583 1623 vel
608 1577 655 1624 in
681 1578 781 1627 eius
819 1579 1036 1627 absentia
1071 1580 1261 1629 maioris
1295 1580 1354 1627 de
1389 1579 1655 1628 huiusmodi
1680 1577 1903 1642 Capitulo
1930 1582 2183 1641 antequam
2207 1595 2292 1642 per
2314 1579 2441 1642 ipsos

509 1665 874 1714 admitterentur
895 1666 1051 1714 medio
1069 1667 1340 1729 juramento
1363 1671 1576 1731 prestare
1612 1667 1836 1715 deberent
1861 1670 1910 1714 et
1933 1670 2208 1715 tenerentur
2232 1672 2370 1730 prout
2394 1668 2442 1715 in

511 1753 823 1802 instrumento
858 1753 1046 1817 publico
1091 1756 1291 1818 desuper
1331 1755 1548 1803 confecto
1584 1755 1817 1802 dictorum
1851 1754 1886 1800 J
1890 1754 2088 1802 ohannis
2127 1755 2351 1818 Episcopi
2391 1760 2440 1804 et

513 1841 721 1903 Capituli
755 1841 921 1904 sigillis
943 1843 1125 1891 munito
1160 1843 1285 1907 quod
1321 1844 1368 1890 in
1406 1842 1703 1891 Cancellaria
1729 1846 1892 1891 nostra
1916 1842 2166 1906 diligenter
2190 1843 2359 1907 inspici
2393 1849 2442 1892 et

512 1929 772 1976 examinari
811 1957 820 1966 ·
858 1929 1095 1994 Cuiusque
1129 1934 1342 1979 tenorem
1377 1933 1436 1978 de
1471 1931 1613 1979 verbo
1646 1931 1708 1978 ad
1741 1930 1936 1978 verbum
1969 1931 2266 1994 presentibus
2300 1933 2443 1982 inseri

447 2063 456 2071 ,
511 2018 708 2066 fecimus
731 2018 942 2066 noscitur
965 2017 1149 2082 plenius
1173 2019 1405 2067 contineri
1442 2047 1452 2056 ·
1490 2019 1647 2074 Quare
1670 2034 1756 2082 pro
1774 2022 1910 2082 parte
1934 2020 2187 2067 eorundem
2210 2021 2245 2066 J
2248 2020 2445 2069 ohannis

518 2105 744 2169 Episcopi
779 2106 1122 2154 Canonicorum
1157 2110 1206 2155 et
1243 2106 1451 2170 Capituli
1486 2106 1622 2154 nobis
1654 2106 1745 2154 fuit
1780 2105 2021 2154 humiliter
2053 2107 2369 2172 supplicatum
2393 2114 2446 2157 ut

515 2197 699 2242 statuto
734 2193 1062 2242 deliberationi
1108 2198 1157 2242 et
1204 2194 1492 2243 conclusioni
1526 2193 1793 2242 huiusmodi
1827 2209 1913 2257 pro
1948 2210 2108 2242 eorum
2139 2196 2446 2246 subsistentia

513 2281 705 2329 firmiori
729 2282 870 2329 robur
892 2281 1152 2345 apostolice
1171 2282 1541 2330 confirmationis
1562 2281 1768 2329 adiicere
1794 2283 1852 2329 de
1877 2282 2167 2346 benignitate
2184 2285 2447 2347 apostolica

516 2372 812 2433 dignaremur
848 2398 857 2407 ·
896 2370 995 2418 Nos
1018 2369 1178 2434 itaque
1202 2371 1364 2418 fauore
1389 2369 1545 2419 cultus
1578 2385 1635 2418 ac
1671 2369 1855 2418 decoris
1884 2369 2150 2418 huiusmodi
2174 2372 2316 2421 dictis
2338 2389 2446 2438 sup-

517 2458 849 2523 plicationibus
873 2457 1088 2506 inclinati
1111 2462 1343 2506 statutum
1378 2457 1766 2506 deliberationem
1789 2461 1839 2506 et
1863 2457 2210 2507 conclusionem
2234 2461 2448 2523 predicta

519 2547 767 2610 omniaque
790 2545 886 2593 alia
909 2549 957 2594 et
982 2545 1165 2608 singula
1200 2547 1248 2593 in
1272 2529 1588 2594 instrumento
1612 2549 1837 2594 contenta
1860 2545 2126 2595 huiusmodi
2148 2563 2206 2595 ac
2230 2565 2449 2611 quecum-

519 2652 609 2698 que
643 2635 753 2682 inde
787 2638 953 2683 secuta
987 2637 1092 2682 rata
1124 2634 1354 2682 habentes
1388 2638 1438 2681 et
1470 2637 1608 2696 grata
1640 2632 1724 2680 illa
1756 2634 2044 2682 auctoritate
2078 2636 2341 2698 apostolica
2385 2655 2446 2686 ex

524 2727 656 2771 certa
694 2721 896 2770 scientia
936 2722 1263 2770 confirmamus
1296 2726 1346 2769 et
1380 2721 1527 2769 etiam
1559 2722 1875 2785 approbamus
1907 2737 1965 2770 ac
2004 2723 2238 2785 presentis
2282 2727 2447 2790 scripti

524 2811 786 2876 patrocinio
809 2809 1150 2858 communimus
1183 2808 1458 2873 supplentes
1491 2824 1654 2857 omnes
1688 2809 1901 2857 defectus
1934 2810 1975 2857 si
2010 2809 2092 2873 qui
2123 2811 2282 2860 forsan
2305 2813 2450 2862 inter-

526 2900 741 2948 uenerint
793 2899 841 2946 in
893 2898 1071 2946 eisdem
1120 2926 1130 2935 ·
1180 2897 1286 2946 Non
1338 2896 1637 2945 obstantibus
1687 2896 2104 2946 constitutionibus
2163 2901 2447 2962 apostolicis,

526 3004 707 3036 necnon
745 2987 869 3034 dicte
916 2984 1115 3034 ecclesie
1150 2985 1414 3032 iuramento
1460 2983 1813 3032 confirmatione
1859 2983 2121 3047 apostolica
2166 2986 2238 3034 vel
2284 2991 2451 3051 quauis

524 3077 746 3124 firmitate
771 3074 866 3122 alia
889 3073 1121 3121 roboratis
1155 3072 1350 3121 statutis
1383 3075 1433 3120 et
1467 3070 1884 3120 consuetudinibus
1917 3071 2179 3135 ceterisque
2206 3078 2454 3126 contrariis

526 3165 894 3228 quibuscumque
932 3189 942 3198 ·
979 3160 1208 3208 Volumus
1232 3163 1390 3207 autem
1415 3159 1540 3223 quod
1563 3157 1732 3221 singuli
1756 3173 1817 3205 ex
1840 3159 1874 3204 J
1878 3158 2061 3207 ohanne
2088 3161 2324 3226 Episcopo
2346 3181 2451 3227 pre-

525 3255 666 3306 dicto,
691 3265 871 3298 necnon
898 3249 1132 3296 modernis
1165 3248 1339 3295 ibidem
1366 3247 1561 3295 Decano
1587 3246 1860 3294 Precentori
1886 3247 2232 3298 Archidiacono
2258 3251 2450 3301 Vicario
