2950 3970
518 638 592 692 22
672 636 1134 691 REGISTRUM
1173 634 1712 690 EPISCOPATUS
1758 629 2355 687 BRECHINENSIS.

517 826 660 874 fuerit
695 829 852 873 rector
883 825 1010 872 dicte
1045 823 1244 872 ecclesie
1278 825 1335 871 de
1375 823 1584 870 Lethnot
1622 837 1808 884 semper
1844 821 1907 869 sit
1948 819 2201 868 canonicus
2240 817 2290 864 in
2327 816 2458 864 dicta

520 913 722 961 ecclesia
749 917 914 962 nostra
946 912 1255 960 Brechinensi
1287 916 1337 959 et
1369 912 1494 974 quod
1524 909 1716 958 stallum
1750 909 1924 957 habeat
1959 909 2008 955 in
2039 907 2184 955 choro
2215 909 2265 954 et
2301 904 2458 952 locum

518 1004 568 1049 in
593 1001 802 1065 capitulo
833 1006 882 1050 et
912 999 972 1049 de
1002 1001 1218 1050 omnibus
1246 1000 1352 1049 aliis
1384 1015 1475 1063 que
1503 1000 1564 1047 ad
1582 999 1662 1061 jus
1698 998 2004 1046 canonicatus
2033 995 2274 1060 pertinent
2307 993 2460 1042 eidem

521 1091 863 1154 respondeatur
899 1090 947 1137 in
979 1089 1195 1138 omnibus
1233 1089 1357 1137 sicut
1392 1087 1473 1135 uni
1513 1087 1654 1135 alteri
1695 1085 2025 1134 canonicorum
2061 1086 2222 1132 nostre
2263 1081 2461 1130 ecclesie

522 1178 805 1242 supradicte.
876 1177 1161 1241 Quiquidem
1201 1177 1455 1225 canonicus
1495 1176 1544 1223 in
1580 1175 1868 1239 prebendam
1907 1189 2042 1222 suam
2077 1187 2240 1220 omnes
2277 1170 2462 1218 fructus

522 1267 736 1315 redditus
757 1270 1016 1330 prouentus
1034 1270 1083 1314 et
1107 1265 1418 1314 obuentiones
1441 1264 1568 1312 dicte
1593 1263 1792 1311 ecclesie
1817 1263 1875 1310 de
1902 1262 2112 1310 Lethnot
2133 1264 2235 1309 tam
2259 1258 2462 1306 maiores

523 1371 662 1419 quam
700 1355 906 1404 minores
945 1354 1154 1402 habebit.
1226 1354 1293 1402 Et
1330 1353 1541 1401 inueniet
1581 1351 1824 1400 annuatim
1863 1351 1912 1398 in
1951 1350 2094 1398 choro
2135 1348 2263 1396 dicte
2300 1350 2462 1395 nostre

523 1444 722 1492 ecclesie
762 1443 1100 1493 subdiaconum
1143 1443 1450 1491 sufficientem
1495 1441 1758 1490 stallarium
1798 1439 1846 1487 in
1877 1438 2044 1487 habitu
2083 1435 2316 1486 consimili
2355 1450 2462 1483 cum

524 1532 749 1582 stallariis
781 1532 980 1581 aliorum
1021 1532 1354 1580 canonicorum
1391 1530 1737 1578 celebraturum
1775 1532 1825 1576 et
1864 1527 2238 1575 ministraturum
2278 1528 2379 1573 tam
2416 1523 2465 1571 in

523 1622 676 1668 officio
717 1621 992 1670 subdiaconi
1039 1624 1088 1668 et
1130 1619 1337 1668 cantoris
1384 1634 1523 1683 quam
1570 1618 1618 1665 in
1664 1617 1770 1665 aliis
1816 1617 1981 1665 officiis
2031 1616 2155 1663 infra
2198 1613 2463 1678 predictum

523 1710 715 1756 chorum
750 1710 980 1757 hactenus
1015 1708 1206 1756 usitatis
1239 1707 1434 1755 habebit
1472 1707 1618 1770 etiam
1659 1722 1802 1754 unum
1843 1705 2069 1753 vicarium
2101 1706 2379 1768 perpetuum
2416 1701 2465 1748 in

520 1797 721 1846 ecclesia
766 1796 1025 1860 parochiali
1064 1797 1122 1843 de
1172 1796 1382 1844 Lethnot
1426 1795 1643 1858 predicta
1684 1794 1764 1857 qui
1805 1794 1970 1856 viginti
2019 1794 2138 1841 duas
2182 1806 2367 1839 marcas
2405 1791 2463 1837 de

524 1885 788 1934 redditibus
829 1886 955 1932 dicte
992 1883 1192 1932 ecclesie
1235 1885 1293 1931 de
1336 1883 1546 1931 Lethnot
1586 1882 1817 1946 percipiet
1858 1881 2102 1929 annuatim
2138 1882 2199 1928 ad
2238 1879 2466 1928 terminos

526 1975 865 2022 Penthecostes
901 1978 950 2021 et
984 1972 1137 2021 sancti
1168 1971 1359 2020 martini
1394 1972 1442 2019 in
1478 1972 1646 2033 hyeme
1682 1987 1768 2034 per
1800 1970 2048 2034 porciones
2085 1968 2278 2033 equales
2310 1969 2351 2017 si
2381 1984 2466 2031 pro

525 2067 664 2111 tanta
709 2063 882 2110 habere
930 2061 1107 2124 poterit
1154 2060 1227 2109 sin
1268 2064 1429 2107 autem
1470 2060 1552 2106 fiet
1599 2059 1922 2122 augmentatio
1967 2074 2061 2105 non
2107 2060 2338 2121 perpetua
2383 2057 2466 2105 sed

522 2150 798 2214 temporalis
832 2153 972 2214 prout
1007 2149 1235 2212 temporis
1269 2148 1494 2196 fertilitas
1528 2163 1611 2195 seu
1645 2146 1876 2196 sterilitas
1905 2146 1954 2193 id
1989 2146 2219 2210 exposcit.
2290 2146 2382 2201 Qui
2416 2149 2467 2192 et

524 2241 572 2286 in
609 2239 737 2287 dicta
783 2237 985 2286 ecclesia
1023 2238 1081 2284 de
1126 2236 1336 2284 Lethnot
1376 2235 1679 2284 residentiam
1720 2234 2015 2299 personalem
2055 2235 2212 2282 facere
2246 2238 2468 2283 teneatur

526 2343 582 2375 ac
621 2327 918 2391 parochianis
949 2330 1049 2373 tam
1087 2324 1268 2388 capelle
1304 2326 1363 2372 de
1395 2324 1606 2388 Lochley
1640 2339 1781 2388 quam
1814 2323 2028 2387 predicte
2062 2324 2230 2373 matris
2269 2322 2466 2372 ecclesie

528 2417 685 2464 debite
710 2415 947 2464 deseruire
983 2430 1066 2462 seu
1089 2413 1245 2461 facere
1281 2413 1521 2461 deseruiri.
1592 2412 1686 2468 Qui
1720 2415 1770 2460 et
1792 2411 1995 2460 vicarius
2027 2412 2383 2476 procurationes
2417 2416 2466 2460 et

527 2503 773 2568 synodalia
808 2519 864 2550 ac
897 2502 1054 2550 omnia
1089 2517 1233 2549 onera
1271 2501 1509 2549 ordinaria
1541 2500 1730 2548 domino
1765 2499 1988 2564 episcopo
2022 2504 2072 2548 et
2104 2501 2206 2549 eius
2235 2500 2468 2548 archidia-

529 2610 647 2641 cono
683 2593 762 2657 qui
800 2608 886 2655 pro
919 2595 1132 2654 tempore
1166 2590 1309 2638 fuerit
1340 2588 1523 2638 soluere
1558 2592 1793 2636 teneatur.
1863 2588 1967 2637 Iste
2001 2604 2112 2637 vero
2147 2589 2349 2646 vicarius
2382 2604 2468 2652 per

531 2683 804 2730 canonicum
833 2680 912 2744 qui
947 2695 1033 2743 pro
1054 2683 1270 2742 tempore
1295 2678 1435 2726 fuerit
1472 2677 1661 2725 domino
1693 2676 1914 2740 episcopo
1948 2677 2299 2740 presentabitur
2333 2681 2382 2725 et
2406 2692 2468 2725 ex

528 2772 630 2819 eius
653 2770 876 2818 mandato
911 2768 1135 2815 vicariam
1168 2767 1446 2815 instituetur
1481 2766 1693 2813 eandem.
1765 2763 1833 2812 Et
1866 2765 2119 2814 canonicus
2142 2781 2328 2829 semper
2349 2782 2469 2815 unus

531 2868 639 2927 post
676 2863 820 2910 alium
858 2877 963 2909 cum
1006 2861 1292 2924 prebendam
1330 2860 1389 2906 de
1428 2859 1637 2906 Lethnot
1678 2873 1846 2906 vacare
1883 2857 2133 2920 contigerit
2172 2874 2258 2922 per
2289 2859 2468 2908 dictum

534 2952 771 3000 dominum
796 2950 956 2998 Dauid
982 2950 1205 3012 Lyndsay
1229 2953 1277 2996 et
1300 2949 1500 2996 heredes
1522 2961 1633 2996 suos
1661 2946 2010 3010 presentabitur
2033 2946 2223 2994 domino
2247 2947 2468 3011 episcopo

535 3041 615 3103 qui
651 3039 796 3087 faciet
837 3055 943 3086 eum
979 3042 1032 3085 ut
1070 3037 1215 3086 moris
1249 3041 1323 3086 est
1363 3037 1413 3084 in
1447 3036 1722 3084 canonicum
1758 3035 1905 3098 recipi
1939 3038 1988 3082 et
2023 3034 2183 3083 debite
2219 3035 2465 3084 installari.

535 3129 601 3176 Et
625 3128 666 3176 si
698 3128 852 3175 dictus
876 3126 1129 3174 canonicus
1152 3126 1392 3189 negligens
1414 3125 1558 3173 fuerit
1589 3124 1638 3172 in
1661 3123 2013 3188 presentatione
2037 3123 2200 3171 vicarii
2223 3125 2284 3171 ad
2308 3140 2468 3173 curam

534 3217 609 3264 vel
633 3215 906 3264 subdiaconi
938 3215 999 3262 ad
1034 3214 1224 3263 stallum
1249 3230 1355 3262 cum
1379 3214 1650 3262 vacauerint
1673 3212 1746 3261 vel
1781 3213 1830 3260 in
1854 3211 2088 3260 solutione
2110 3211 2270 3261 salarii
2305 3229 2470 3262 eorun-

534 3309 640 3354 dem
681 3305 752 3353 ita
787 3307 840 3351 ut
876 3302 998 3350 infra
1029 3303 1238 3350 mensem
1275 3319 1305 3350 a
1348 3307 1562 3366 tempore
1599 3300 1861 3350 vacationis
1900 3316 1993 3349 non
2024 3302 2369 3364 presentauerit
2407 3306 2468 3352 ad
