2950 3970
551 647 659 700 166
725 640 1189 700 REGISTRUM
1226 642 1764 701 EPISOOPATUS
1804 643 2391 701 BREOHINENSIS.

548 834 622 882 vel
649 834 776 881 circa
799 833 1119 881 continentem
1136 833 1378 894 jacentem
1402 832 1528 880 inter
1548 831 1708 880 villam
1746 833 1804 879 de
1841 831 2053 897 Dalgaty
2075 850 2136 882 ex
2159 838 2295 898 parte
2330 834 2481 883 orien-

546 921 635 971 tali
671 938 731 970 ex
772 938 866 970 una
900 925 949 969 et
984 925 1162 969 terram
1197 922 1256 968 de
1294 919 1411 968 Litil
1447 920 1742 983 Petfforthye
1776 937 1839 969 ex
1873 921 2157 970 occidentali
2180 923 2394 986 partibus
2418 939 2479 971 ex

548 1011 701 1060 altera
739 1039 748 1048 -
785 1010 962 1059 Omnes
988 1010 1130 1058 etiam
1157 1008 1484 1073 prenominato
1508 1012 1635 1057 terre
1653 1008 1819 1071 jacent
1842 1009 1890 1057 in
1914 1010 2139 1073 parochia
2161 1011 2221 1058 de
2245 1011 2479 1059 Brechine

548 1101 670 1148 infra
691 1099 1075 1147 vicecomitatum
1111 1098 1170 1146 de
1207 1097 1378 1145 Forfar
1401 1112 1521 1160 quas
1542 1097 1689 1145 etiam
1714 1113 1878 1146 omnes
1899 1101 2055 1147 terras
2075 1097 2351 1162 templarias
2373 1114 2480 1147 cum

548 1190 763 1237 domibus
784 1188 921 1236 tostis
955 1191 1005 1235 et
1040 1185 1207 1235 croftis
1240 1185 1490 1234 habuimus
1526 1201 1557 1233 a
1593 1185 1754 1234 Dauid
1789 1185 2048 1250 Dempster
2081 1187 2140 1234 de
2176 1186 2482 1237 Ouchterless

546 1282 595 1325 et
619 1276 921 1325 confirmatas
947 1292 1031 1339 per
1054 1274 1294 1323 dominum
1313 1273 1575 1322 Henricum
1595 1275 1653 1322 de
1674 1274 2040 1338 Lewingstoune
2071 1273 2270 1323 militem
2304 1275 2483 1324 ordinis

546 1365 712 1413 Sancti
735 1366 769 1412 J
773 1365 1005 1414 ohannnis
1026 1365 1061 1412 J
1065 1362 1404 1412 erosolimitani
1441 1379 1499 1412 ac
1535 1364 1967 1412 commendatorem
1991 1363 2201 1411 eiusdem
2235 1363 2284 1410 in
2319 1364 2483 1412 Scotia

546 1459 595 1502 et
632 1454 916 1516 Magistrum
964 1454 1022 1501 de
1071 1453 1363 1501 Torfechene
1398 1456 1451 1501 ut
1486 1455 1622 1516 patet
1661 1468 1748 1516 per
1792 1467 1905 1501 suas
1937 1455 2096 1500 cartas
2128 1451 2265 1500 nobis
2311 1452 2480 1500 deinde

545 1543 788 1590 confectas
834 1557 1032 1606 quarum
1066 1545 1259 1590 tenores
1304 1545 1565 1605 sequuntur
1601 1569 1611 1580 ·
1651 1538 1803 1603 [Vide
1852 1541 1965 1590 Nos.
2001 1542 2066 1590 70
2097 1545 2146 1589 et
2183 1541 2287 1606 71.]
2331 1541 2483 1596 Quas-

546 1631 735 1694 quidem
784 1634 938 1679 terras
997 1646 1103 1678 cum
1165 1629 1381 1678 domibus
1438 1629 1592 1681 toftis'.
1619 1633 1669 1679 et
1717 1629 1883 1679 croftis
1929 1633 1979 1678 et
2027 1629 2135 1678 aliis
2181 1629 2483 1694 pertinentiis

542 1719 846 1768 libertatibus
892 1723 942 1767 et
975 1718 1236 1783 priuilegiis
1275 1718 1561 1782 supradictis
1595 1718 1645 1766 in
1679 1717 1896 1767 omnibus
1934 1722 1984 1766 et
2023 1733 2108 1782 per
2155 1718 2314 1766 omnia
2358 1719 2482 1768 sicut

544 1809 760 1872 superius
782 1808 831 1855 in
853 1807 1084 1871 predictis
1106 1807 1253 1855 cartis
1277 1807 1549 1855 continetur
1571 1822 1678 1854 cum
1716 1821 1948 1856 consensu
1982 1810 2032 1855 et
2065 1821 2262 1856 assensu
2285 1807 2481 1871 capituli

543 1901 693 1949 nostri
730 1900 791 1948 ad
829 1901 919 1948 hoc
970 1898 1242 1964 specialiter
1278 1927 1289 1938 ·
1327 1927 1338 1937 ·
1377 1927 1387 1937 ·
1424 1899 1694 1963 congregati
1744 1899 1981 1948 uniuimus
2018 1927 2029 1937 ·
2068 1927 2079 1937 ·
2119 1928 2130 1938 ·
2165 1904 2216 1948 et
2253 1916 2339 1962 per
2377 1917 2483 1964 pre-

542 1994 703 2038 sentes
739 1988 1032 2052 assignamus
1070 1988 1417 2052 imperpetuum
1453 2004 1654 2036 unacum
1689 1987 1876 2052 capella
1898 1988 2075 2036 Sancte
2101 1987 2257 2035 Marie
2283 1988 2482 2052 Magda-

540 2079 646 2127 lene
672 2080 730 2126 de
756 2079 900 2127 Errot
923 2081 1084 2126 nostre
1109 2077 1326 2127 dioecesis
1344 2079 1405 2126 ad
1424 2077 1726 2126 collationem
1752 2081 1802 2126 et
1825 2077 2142 2126 omnimodam
2164 2076 2481 2140 prouisionem

542 2167 750 2231 episcopi
786 2166 1120 2215 Brechinensis
1143 2165 1283 2230 pleno
1299 2166 1408 2228 jure
1431 2170 1678 2230 spectante
1702 2181 1810 2214 cum
1833 2165 2049 2215 omnibus
2082 2170 2134 2214 et
2167 2165 2363 2229 singulis
2385 2170 2481 2215 ter-

541 2272 700 2304 rarum
757 2255 904 2303 firmis
949 2255 1010 2303 de
1053 2253 1099 2302 le
1147 2254 1474 2318 Chapeltoune
1525 2254 1789 2304 redditibus
1838 2254 2147 2319 prouentibus
2189 2255 2375 2317 juribus
2428 2259 2478 2304 et

541 2344 906 2394 obuentionibus
929 2344 1138 2392 eiusdem
1167 2344 1386 2407 quotiens
1413 2343 1590 2392 dictam
1613 2343 1844 2407 capellam
1867 2359 2036 2392 vacare
2060 2343 2311 2406 contigerit
2345 2359 2480 2393 cessu

540 2434 615 2481 vel
660 2432 857 2481 decessu
905 2431 1127 2495 Magistri
1174 2432 1366 2480 Andree
1413 2433 1473 2479 de
1518 2431 1631 2480 Ffiff
1670 2432 1955 2496 possessoris
1988 2432 2196 2481 eiusdem
2230 2447 2315 2481 seu
2358 2432 2479 2482 alias

541 2523 847 2587 quouismodo
885 2550 894 2559 ·
934 2550 943 2560 ·
983 2550 994 2560 ·
1030 2521 1154 2570 sicut
1177 2522 1309 2585 prius
1337 2521 1472 2570 unita
1495 2525 1570 2570 est
1593 2521 1723 2570 dicta
1745 2521 1929 2585 capella
1962 2537 2070 2569 cum
2103 2521 2334 2570 fructibus
2357 2522 2479 2570 eius-

540 2613 646 2658 dem
683 2610 768 2658 sub
811 2609 964 2672 sigillo
1002 2613 1167 2658 nostro
1202 2613 1252 2657 et
1286 2608 1440 2672 sigillo
1474 2609 1709 2657 communi
1732 2608 1929 2673 capituli
1961 2609 2113 2657 nostri
2148 2609 2480 2659 Brechinensis

539 2698 784 2762 capellano
819 2698 1099 2761 quicumque
1132 2697 1276 2745 fuerit
1311 2700 1361 2745 et
1395 2697 1471 2745 cui
1507 2698 1621 2745 data
1655 2701 1704 2745 et
1738 2695 1915 2745 collata
1946 2696 2090 2744 fuerit
2125 2696 2254 2744 dicta
2294 2696 2476 2760 capella

539 2804 646 2835 cum
691 2786 919 2850 predictis
967 2785 1109 2834 terris
1159 2789 1209 2833 et
1256 2785 1403 2834 firmis
1459 2785 1588 2834 dicte
1644 2784 1754 2833 ville
1812 2785 1871 2832 de
1919 2783 1966 2833 le
2017 2783 2345 2848 Chapeltoune
2390 2801 2475 2848 per

538 2879 808 2942 episcopum
845 2876 1212 2924 Brechinensem
1249 2903 1260 2913 ·
1299 2903 1310 2913 ·
1349 2903 1359 2913 ·
1395 2874 1690 2923 celebraturo
1727 2874 1937 2938 qualibet
1972 2874 2238 2923 ebdomada
2268 2891 2363 2922 una
2397 2876 2473 2923 die

537 2966 587 3013 in
633 2965 798 3012 eadem
833 2961 1016 3026 capella
1062 2963 1121 3011 de
1169 2963 1315 3010 Errot
1351 2990 1362 3000 ·
1400 2962 1468 3010 Et
1513 2962 1563 3010 in
1610 2961 1826 3010 omnibus
1870 2960 1977 3010 aliis
2012 2961 2178 3010 diebus
2212 2962 2472 3010 ebdomade

539 3069 645 3101 cum
678 3050 822 3098 fuerit
870 3050 1126 3114 dispositus
1160 3050 1222 3097 ad
1259 3048 1592 3098 celebrandum
1626 3049 1676 3096 in
1709 3047 1910 3098 ecclesia
1943 3048 2205 3097 cathedrali
2246 3049 2473 3097 Brechin-

538 3141 639 3190 ensi
678 3128 740 3187 ad
779 3138 950 3204 altare.
971 3138 1147 3186 Sancte
1189 3137 1355 3186 Crucis
1388 3137 1599 3186 eiusdem
1632 3152 1719 3200 pro
1752 3137 1912 3185 anima
1944 3140 2108 3186 nostra
2143 3141 2193 3185 et
2226 3137 2473 3186 animabus

537 3236 888 3280 antecessorum
925 3233 976 3277 et
1011 3243 1334 3278 successorum
1355 3231 1624 3276 nostrorum
1647 3226 1824 3275 domini
1851 3226 2058 3275 Walteri
2083 3227 2292 3276 Stewart
2325 3243 2472 3291 quon-

538 3323 654 3370 dam
690 3318 869 3368 domini
904 3318 963 3365 de
1002 3316 1235 3366 Brechine
1270 3320 1320 3364 et
1355 3316 1632 3380 Cortoquhy
1664 3319 2015 3366 antecessorum
2056 3321 2106 3365 et
2145 3331 2467 3366 successorum
