2950 3970
654 671 1116 727 REGISTRUM
1153 674 1689 732 EPISOOPATUS
1728 679 2310 736 BRECHINENSIS.
2406 686 2438 735 9

523 862 572 906 et
595 863 871 922 perpetuam
896 859 1187 909 elimosinam
1211 867 1320 911 sunt
1344 864 1515 912 collate
1540 882 1569 912 a
1593 866 1791 915 diuersis
1815 867 2139 916 fundatoribus
2162 873 2210 916 et
2234 869 2438 916 infeoda÷

522 947 704 996 toribus
738 949 835 996 suis
871 948 1222 1013 quibuscunque
1263 952 1343 1015 qui
1378 954 1626 1001 seruicium
1660 958 1870 1003 nostrum
1905 956 2058 1003 facere
2098 960 2317 1003 tenentur
2355 973 2437 1019 pro

521 1035 696 1083 eisdem
738 1038 800 1084 ad
843 1037 1105 1100 predictum
1147 1039 1395 1087 seruicium
1435 1046 1645 1090 nostrum
1681 1059 1765 1106 per
1799 1059 2096 1107 quoscunque
2131 1044 2328 1092 balliuos
2358 1061 2438 1092 seu

520 1123 760 1172 ministros
795 1125 853 1172 de
888 1129 1049 1173 cetero
1073 1126 1414 1189 compellantur
1435 1129 1567 1178 vobis
1589 1131 1890 1194 precipiendo
1914 1133 2187 1180 mandamus
2210 1137 2438 1195 quatenus

520 1211 922 1276 quotienscunque
969 1213 1219 1261 seruicium
1265 1219 1476 1264 nostrum
1523 1218 1580 1264 de
1635 1219 1775 1267 terris
1822 1219 1918 1267 suis
1961 1220 2184 1282 predictis
2230 1221 2435 1267 debitum

519 1300 707 1362 exigere
734 1317 814 1350 vos
838 1301 1089 1364 contigerit
1112 1303 1263 1365 ipsum
1287 1305 1534 1352 seruicium
1569 1321 1599 1352 a
1633 1306 1957 1356 fundatoribus
1991 1312 2039 1355 et
2074 1308 2437 1355 infeodatoribus

519 1388 617 1436 suis
651 1389 731 1452 qui
766 1390 828 1437 ad
869 1389 985 1437 illud
1020 1390 1269 1438 seruicium
1305 1395 1527 1440 tenentur
1560 1393 1774 1441 totaliter
1802 1395 2003 1457 exigatis
2037 1400 2084 1443 et
2120 1412 2278 1443 eorum
2300 1396 2438 1443 feoda

520 1476 745 1539 capitalia
790 1477 831 1526 si
882 1493 1074 1526 necesse
1120 1478 1262 1526 fuerit
1308 1495 1393 1542 pro
1434 1480 1562 1528 dicto
1602 1482 1800 1530 seruicio
1842 1483 1997 1531 debite
2039 1483 2326 1545 distr-iugatis
2370 1484 2438 1531 ita

519 1567 644 1629 quod
684 1570 811 1614 terre
853 1567 1084 1614 dictorum
1125 1567 1333 1631 episcopi
1369 1569 1533 1615 decani
1569 1570 1895 1618 canonicorum
1931 1575 1979 1618 et
2013 1570 2354 1634 capellanorum
2390 1575 2437 1618 et

519 1655 1024 1718 eorumpossessiones
1065 1655 1124 1702 ab
1165 1655 1430 1703 huiusmodi
1462 1658 1678 1705 oneribus
1713 1662 1762 1705 et
1802 1658 2126 1706 exactionibus
2162 1658 2305 1705 libere
2346 1659 2438 1705 sint

518 1743 708 1806 penitus
732 1747 876 1807 atque
901 1743 1074 1807 quiete.
1146 1743 1459 1807 Firmiterque
1491 1745 1789 1808 prohibemus
1812 1762 1870 1793 ne
1894 1746 1998 1809 quis
2019 1746 2146 1809 ipsos
2172 1746 2437 1808 episcopum

520 1834 748 1880 decanum
773 1832 1026 1880 canonicos
1049 1836 1132 1880 aut
1156 1832 1426 1896 capellanos
1461 1849 1543 1882 seu
1578 1850 1736 1882 eorum
1760 1834 1962 1897 aliquem
1985 1835 2194 1881 homines
2217 1849 2324 1881 suos
2358 1850 2439 1881 seu

519 1938 680 1970 eorum
719 1921 844 1969 bona
880 1920 954 1968 vel
994 1921 1314 1983 possessiones
1354 1925 1519 1969 contra
1558 1922 1845 1984 presentium
1885 1921 2126 1969 literarum
2174 1925 2435 1969 nostrarum

517 2014 728 2058 tenorem
766 2008 1038 2073 aliqualiter
1067 2024 1268 2071 grauare
1303 2025 1386 2057 seu
1421 2026 1593 2057 vexare
1617 2014 1855 2072 presumat
1890 2026 2029 2073 super
2051 2014 2257 2057 nostram
2280 2009 2438 2072 plena?

517 2099 635 2147 riam
675 2099 1024 2147 forisfacturam
1066 2101 1115 2146 et
1157 2098 1196 2146 si
1239 2098 1350 2161 quid
1390 2099 1449 2145 ab
1488 2098 1574 2147 eiis
1614 2098 1662 2145 111
1700 2098 1937 2161 premissis
1977 2102 2194 2145 exactum
2241 2097 2312 2144 vel
2352 2098 2436 2145 eiis

516 2188 791 2236 iniuriatum
825 2187 970 2234 fuerit
1003 2186 1052 2233 id
1091 2186 1181 2234 sibi
1219 2186 1405 2234 restitui
1440 2186 1607 2249 corrigi
1642 2190 1690 2234 et
1725 2186 1964 2233 reformari
1992 2186 2181 2242 faciatis
2204 2186 2438 2247 quotiens-

517 2292 699 2340 cunque
735 2279 784 2324 et
827 2277 1199 2339 quandocunque
1241 2274 1584 2322 rationabiliter
1623 2290 1707 2337 per
1743 2274 1868 2336 ipsos
1903 2273 1974 2320 vel
2009 2274 2211 2336 ipsorum
2234 2273 2433 2336 aliquem

514 2365 701 2413 fueritis
737 2363 966 2428 requisiti.
1038 2363 1098 2410 In
1136 2363 1268 2410 cuius
1303 2363 1371 2409 rei
1411 2362 1732 2411 testimonium
1769 2363 1854 2409 has
1889 2361 2051 2409 literas
2087 2365 2269 2409 nostras
2307 2361 2434 2408 vobis

517 2455 835 2503 ostendendas
872 2457 921 2501 et
961 2468 1106 2516 penes
1146 2452 1296 2514 11166111
1337 2450 1584 2498 66616616111
1621 2454 1847 2512 perpetuo
1882 2464 2173 2496 remansuras
2208 2449 2295 2496 sibi
2336 2449 2433 2495 fieri

514 2543 711 2591 fecimus
746 2545 980 2605 patentes.
1053 2541 1193 2603 Apud
1237 2539 1468 2587 Brechine
1510 2543 1678 2602 quarto
1718 2538 1793 2584 die
1836 2537 2109 2584 Decembris
2149 2553 2270 2583 anno
2307 2537 2433 2599 regni

516 2631 667 2680 nostri
692 2634 875 2694 quarto.

517 2842 906 2904 Transsumptum
956 2839 1187 2887 Willelmi
1234 2842 1282 2886 et
1337 2837 1565 2885 Willelmi
1612 2836 1945 2884 Sanctiandree
1993 2838 2040 2881 et
2087 2833 2431 2881 Dunkeldensis

516 2931 858 2993 Episcoporum
883 2933 1014 2977 carte
1043 2927 1270 2974 Willelmi
1297 2927 1417 2988 regis
1442 2925 1600 2973 Scotie
1619 2926 1676 2971 de
1702 2923 1952 2972 donatione
1975 2923 2064 2970 fori
2089 2921 2428 2969 Brechinensis.

462 3113 471 3122 .
527 3042 810 3122 Universis
849 3087 1042 3135 presens
1081 3070 1418 3133 transcriptum
1456 3067 1736 3131 inspecturis
1772 3064 2039 3112 Willelmus
2073 3068 2121 3111 et
2164 3063 2429 3111 Willelmus

514 3162 821 3227 permissione
841 3160 1002 3207 diuina
1020 3159 1358 3208 Sanctiandree
1377 3160 1424 3204 et
1444 3154 1792 3203 Dunkeldensis
1809 3152 2107 3200 ecclesiarum
2129 3151 2332 3213 episcopi
2357 3166 2429 3198 sa-

514 3252 661 3300 lutem
680 3251 729 3297 in
748 3249 954 3297 Domino
973 3247 1319 3310 sempiternam.
1380 3243 1677 3292 Constitutus
1694 3242 1741 3288 in
1761 3240 1996 3304 presentia
2013 3243 2173 3287 nostra
2188 3238 2222 3283 J
2226 3238 2430 3285 ohannes

520 3339 609 3387 Dei
633 3338 785 3402 gratia
808 3337 1056 3400 episcopus
1081 3332 1412 3382 Brechinensis
1434 3330 1538 3378 loco
1562 3330 1637 3377 die
1673 3333 1721 3377 et
1756 3344 1877 3376 anno
1901 3325 2208 3388 infrascriptis
2230 3325 2373 3388 peciit
2401 3342 2429 3371 a

1514 3419 1546 3464 2
