2950 3970
686 594 1153 653 REGISTRUM
1191 600 1729 661 EPISCOPATUS
1770 609 2356 670 BRECHINENSIS.
2396 618 2468 672 45

549 783 735 845 quendo
771 789 1052 834 venerentur
1085 786 1303 836 similiter
1340 790 1543 840 Centum
1581 820 1590 830 ·
1628 793 1694 842 Et
1731 795 1811 858 qui
1846 800 1958 844 tunc
1995 798 2109 846 illud
2143 799 2260 848 alias
2294 802 2461 850 deuote

548 870 700 918 secuti
724 871 903 920 fuerint
928 873 1071 920 etiam
1093 874 1445 939 Quinquaginta
1468 879 1569 928 dies
1592 881 1649 928 de
1674 882 2008 946 omnipotentis
2032 886 2124 933 Dei
2148 887 2463 937 misericordia

546 974 603 1006 ac
627 959 872 1008 beatorum
911 962 1229 1024 apostolorum
1254 965 1354 1014 eius
1379 966 1510 1014 Petri
1548 972 1596 1016 et
1635 969 1772 1016 Pauli
1794 972 2079 1020 auctoritate
2105 975 2263 1023 confisi
2302 977 2358 1023 de
2396 977 2463 1023 in-

543 1047 717 1096 iunctis
752 1048 821 1097 eis
855 1049 1130 1112 penitentiis
1164 1051 1527 1102 misericorditer
1566 1055 1832 1106 relaxamus
1869 1086 1878 1096 ·
1917 1060 2143 1123 Quodque
2177 1062 2224 1109 in
2258 1062 2380 1111 festo
2415 1069 2462 1112 et

543 1136 710 1185 diebus
734 1137 1021 1185 Octauarum
1047 1138 1313 1188 huiusmodi
1338 1142 1555 1195 etiamlin
1578 1144 1720 1192 terris
1745 1149 1794 1192 et
1817 1145 1934 1195 locis
1957 1147 2276 1197 ecclesiastico
2299 1152 2463 1213 quauis

543 1225 830 1273 auctoritate
854 1226 1110 1289 suppositis
1133 1227 1387 1276 interdicto
1410 1229 1610 1292 pulsatis
1634 1233 1873 1295 campanis
1889 1234 2048 1295 januis
2070 1237 2247 1298 apertis
2281 1242 2329 1284 et
2362 1238 2461 1285 alta

544 1329 657 1361 voce
696 1314 1119 1363 excommunicatis
1154 1331 1344 1378 prorsus
1381 1317 1586 1366 exclusis
1620 1320 1703 1366 sed
1738 1320 2002 1369 interdictis
2037 1327 2088 1369 ut
2123 1323 2262 1372 citius
2301 1340 2460 1372 recon-

542 1401 694 1449 ciliari
718 1403 942 1450 studeant
968 1403 1185 1452 admissis
1222 1408 1271 1452 et
1306 1404 1399 1452 illis
1439 1406 1518 1468 qui
1556 1422 1743 1455 causam
1781 1407 1855 1454 vel
1886 1410 2175 1457 occasionem
2199 1411 2458 1459 huiusmodi

541 1490 783 1538 interdicti
818 1490 1034 1538 dederint
1069 1489 1209 1538 altari
1249 1495 1363 1539 tunc
1403 1492 1669 1542 nullatenus
1708 1495 2186 1558 appropinquantibus
2225 1498 2371 1546 Misse
2409 1503 2457 1546 et

539 1579 694 1627 officia
716 1579 946 1642 premissa
968 1579 1098 1627 licite
1124 1579 1351 1627 celebrari
1370 1581 1551 1643 possint
1575 1582 1859 1630 auctoritate
1883 1583 2141 1646 apostolica
2164 1586 2458 1634 concedimus

536 1683 622 1731 per
644 1671 890 1731 presentes
913 1667 1020 1716 aliis
1054 1684 1144 1731 que
1181 1670 1306 1715 circa
1330 1668 1702 1717 obseruationem
1729 1670 2081 1718 interdictorum
2106 1688 2135 1718 a
2157 1673 2328 1720 nostris
2351 1678 2458 1721 sunt

534 1757 756 1805 instituta
778 1757 1188 1820 predecessoribus
1222 1756 1270 1803 in
1305 1772 1389 1804 suo
1414 1757 1579 1804 robore
1604 1758 1839 1805 duraturis
1876 1786 1886 1795 ·
1924 1757 1988 1805 Et
2012 1758 2197 1821 insuper
2220 1760 2458 1808 uniuersos

535 1846 840 1894 Patriarchas
863 1845 1259 1908 Archiepiscopos
1295 1844 1557 1908 Episcopos
1580 1848 1629 1892 et
1653 1843 1771 1893 alios
1794 1845 2095 1893 ecclesiarum
2123 1846 2337 1895 Prelatos
2361 1864 2457 1895 mo-

541 1950 707 1983 nemus
737 1938 787 1982 et
809 1935 1056 1982 hortamur
1086 1934 1135 1980 in
1166 1933 1354 1981 domino
1391 1948 1448 1980 ac
1486 1933 1555 1981 eis
1585 1949 1670 1995 per
1702 1933 1962 1995 apostolica
1995 1935 2171 1996 scripta
2205 1934 2252 1981 in
2286 1935 2457 1983 virtute

536 2026 700 2072 sancte
742 2022 1010 2071 obedientie
1053 2021 1267 2070 districte
1310 2021 1611 2084 precipiendo
1651 2021 1926 2068 mandamus
1965 2025 2013 2068 et
2055 2022 2102 2068 in
2143 2021 2457 2070 remissionem

541 2112 866 2176 peccaminum
898 2111 1181 2173 iniungimus
1205 2115 1257 2158 ut
1282 2126 1366 2174 per
1388 2126 1438 2158 se
1463 2110 1536 2157 vel
1568 2109 1686 2157 alios
1720 2125 1879 2157 eorum
1914 2110 2126 2158 subditos
2148 2126 2232 2173 per
2254 2110 2457 2173 singulas

541 2217 729 2249 suarum
770 2200 1020 2248 ciuitatum
1056 2203 1104 2247 et
1143 2199 1358 2247 dioecesis
1394 2197 1617 2246 ecclesias
1650 2198 1698 2244 in
1735 2198 1967 2246 dominica
2001 2198 2164 2245 feriam
2202 2203 2250 2246 et
2285 2199 2455 2246 festum

541 2291 758 2354 predicta
781 2289 994 2352 proxime
1029 2288 1312 2351 precedente
1342 2285 1626 2334 salutaribus
1659 2286 1720 2333 ad
1754 2286 2099 2333 venerationem
2122 2285 2361 2348 potissime
2385 2301 2458 2333 sa-

541 2379 770 2427 cramenti
816 2376 1082 2425 huiusmodi
1129 2374 1320 2423 monitis
1360 2378 1408 2421 et
1449 2372 1856 2421 exhortationibus
1894 2372 2177 2435 presentium
2215 2372 2454 2420 literarum

539 2466 881 2516 continentiam
923 2469 973 2513 et
1014 2464 1231 2512 effectum
1271 2462 1510 2526 publicare
1552 2465 1600 2509 et
1641 2461 1875 2509 insinuare
1912 2465 2159 2524 procurent
2199 2465 2251 2508 ut
2292 2461 2454 2508 eodem

540 2557 824 2619 suffragante
849 2553 1061 2602 misterio
1090 2551 1266 2601 subditi
1290 2555 1339 2598 et
1365 2549 1524 2598 fideles
1560 2549 1648 2612 ipsi
1682 2548 1936 2611 gratiarum
1973 2547 2173 2596 uberiori
2204 2547 2455 2595 fulciantur

540 2649 791 2709 augmento
827 2648 876 2692 et
911 2643 971 2690 ab
1007 2641 1087 2688 illo
1122 2641 1202 2704 qui
1236 2655 1286 2688 se
1321 2654 1406 2702 pro
1430 2638 1544 2701 ipsis
1568 2635 1826 2684 immolauit
1849 2635 2048 2684 hostiam
2072 2639 2178 2698 post
2201 2635 2337 2683 huius
2359 2635 2454 2682 vite

541 2751 727 2783 cursum
764 2733 826 2780 ad
862 2731 1057 2795 gloriam
1093 2729 1410 2793 perducantur
1446 2730 1656 2774 eternam
1694 2751 1704 2761 ·
1741 2724 1917 2771 Verum
1959 2722 2068 2786 quia
2107 2721 2292 2770 difficile
2333 2723 2453 2770 foret

539 2822 806 2873 huiusmodi
828 2821 993 2869 literas
1015 2817 1208 2881 singulis
1232 2814 1442 2863 exhiberi
1477 2813 1687 2861 volumus
1721 2815 1770 2859 et
1804 2811 1967 2858 eadem
1991 2810 2272 2858 auctoritate
2297 2810 2454 2857 decer-

541 2912 694 2960 nimus
718 2910 843 2974 quod
867 2909 1074 2972 ipsarum
1097 2906 1394 2965 transumpto
1418 2917 1558 2949 manu
1580 2898 1766 2963 publica
1801 2902 1850 2946 et
1885 2897 2036 2960 sigillo
2058 2897 2254 2945 alicuius
2277 2898 2454 2960 episco-

539 3000 661 3065 palis
682 2999 757 3048 vel
780 2997 1033 3061 superioris
1061 2991 1380 3042 ecclesiastice
1405 2989 1543 3037 Curie
1567 2986 1747 3035 munito
1769 2990 1993 3049 tanquam
2016 2984 2211 3048 prefatis
2245 2984 2285 3032 si
2318 2984 2453 3046 origi-

538 3087 671 3137 nales
694 3087 1030 3136 exhiberentur
1051 3081 1225 3130 litteris
1247 3079 1387 3143 plena
1408 3078 1523 3125 fides
1556 3075 1833 3123 adhibeatur
1866 3077 1915 3122 et
1948 3072 2140 3136 perinde
2163 3075 2315 3120 stetur
2336 3086 2391 3118 ac
2415 3072 2454 3119 si

539 3177 666 3224 dicte
690 3173 940 3238 originales
962 3171 1121 3219 littere
1144 3169 1298 3217 forent
1333 3164 1542 3213 exhibite
1577 3163 1651 3211 vel
1685 3166 1871 3211 ostense
1908 3189 1918 3199 ·
1955 3160 2132 3209 Datum
2159 3160 2308 3207 Rome
2331 3161 2453 3222 apud

539 3268 730 3314 sanctos
752 3260 992 3326 apostolos
1016 3258 1075 3320 vij
1100 3256 1328 3305 kalendas
1344 3254 1378 3300 J
1382 3252 1478 3300 unii
1498 3251 1806 3299 Pontificatus
1823 3247 1970 3297 nostri
1988 3262 2111 3296 anno
2129 3246 2401 3295 duodecimo
2438 3274 2449 3284 ·

541 3354 598 3401 de
624 3351 768 3400 Curia
789 3350 823 3398 J
827 3366 869 3399 ο.
895 3350 953 3396 de
980 3346 1152 3395 Nursia
1189 3372 1199 3382 ·
1240 3342 1324 3405 [In
1349 3343 1500 3396 dorso,
1529 3339 1618 3387 Ro.
1645 3339 1702 3386 de
1725 3335 1992 3385 molendino
2028 3337 2068 3400 -]
