2950 3970
511 651 583 704 64
661 649 1123 704 REGISTRUM
1161 648 1701 704 EPISCOPATUS
1742 648 2337 705 BREOHINENSIS.

464 907 492 932 ἦ
520 926 799 988 Resignatio
823 928 882 974 de
910 927 1275 988 Marynton.per
1302 924 1595 972 Willelmum
1623 925 1881 974 Foularton
1919 954 1929 964 ·

427 1104 490 1149 43
527 1070 602 1147 In
627 1100 815 1147 nomine
846 1099 1040 1147 Domini
1077 1101 1231 1147 Amen
1271 1128 1280 1138 ·
1320 1101 1414 1148 Per
1446 1100 1537 1148 hoc
1570 1115 1766 1163 presens
1801 1100 2041 1163 publicum
2079 1100 2440 1148 instrumentum

514 1189 698 1236 cunctis
732 1192 897 1251 pateat
934 1188 1180 1235 euidenter
1217 1189 1341 1251 quod
1365 1203 1491 1236 anno
1516 1188 1871 1237 Incarnaciouis
1909 1188 2161 1236 Dominice
2194 1188 2443 1236 millesimo

515 1276 974 1340 quadringentesimo
1010 1275 1252 1324 tricesimo
1289 1280 1460 1340 quarto
1500 1276 1676 1324 mensis
1714 1291 1822 1324 vero
1860 1276 2069 1339 Augusti
2105 1277 2181 1323 die
2218 1277 2443 1325 vicesima

514 1370 684 1428 quarta
712 1365 830 1412 hora
869 1364 1054 1411 decima
1090 1367 1202 1411 ante
1238 1364 1483 1411 meridiem
1519 1363 1594 1411 vel
1632 1364 1818 1412 eocirca
1858 1364 2117 1412 indictione
2165 1365 2444 1412 duodecima

511 1454 813 1516 pontificatus
836 1452 1123 1501 sanctissimi
1147 1453 1194 1499 in
1220 1452 1378 1500 Cristo
1402 1452 1552 1515 patris
1576 1456 1625 1500 et
1651 1451 1845 1500 Domini
1869 1452 2016 1500 nostri
2042 1453 2218 1500 domini
2241 1453 2444 1516 Eugenii

515 1543 676 1589 diuina
698 1541 1000 1604 prouidentia
1022 1556 1144 1604 pape
1178 1541 1334 1603 quarti
1371 1556 1496 1588 anno
1520 1545 1690 1604 quarto
1729 1569 1739 1578 ·
1777 1541 1837 1587 In
1877 1541 1971 1588 mei
1994 1541 2168 1589 notarii
2202 1541 2378 1605 publici
2397 1546 2446 1589 et

515 1632 709 1679 testium
752 1629 1160 1692 infrascriptorum
1207 1629 1454 1692 presencia
1490 1643 1649 1676 coram
1701 1629 1961 1676 reuerendo
2007 1629 2055 1676 in
2103 1629 2262 1678 Cristo
2309 1634 2446 1693 patre

517 1720 706 1767 domino
728 1720 762 1765 J
766 1720 950 1766 ohanne
976 1718 1198 1780 episcopo
1223 1717 1532 1765 Brechinensi
1556 1717 1604 1764 in
1631 1716 1841 1780 capitulo
1876 1717 2086 1765 eiusdem
2112 1733 2198 1781 pro
2219 1717 2445 1766 tribunali

516 1810 710 1856 sedente
736 1807 998 1870 comparuit
1022 1805 1195 1853 nobilis
1217 1809 1266 1852 et
1292 1806 1526 1854 discretus
1549 1805 1620 1853 vir
1646 1804 1917 1854 Willelmus
1953 1806 2213 1854 Foularton
2253 1822 2447 1855 manens

517 1898 564 1943 in
602 1896 714 1943 villa
749 1896 807 1942 de
844 1896 1101 1957 Marynton
1139 1909 1426 1956 cognoscens
1463 1909 1514 1942 se
1553 1909 1648 1941 non
1685 1893 1859 1940 habere
1895 1893 2087 1957 aliquod
2114 1894 2195 1956 jus
2229 1911 2318 1942 nec
2362 1895 2447 1943 ali-

518 2002 657 2049 quam
682 1984 1028 2032 assedationem
1054 1981 1163 2028 ville
1187 1982 1399 2045 predicte
1440 1982 1499 2028 de
1539 1981 1797 2044 Marynton
1821 1985 1904 2029 aut
1928 1982 2214 2030 decimarum
2238 1983 2446 2032 eiusdem

518 2092 548 2121 a
571 2089 864 2137 quocumque
888 2072 1109 2134 episcopo
1146 2070 1453 2118 Brechinensi
1489 2071 1713 2117 moderno
1747 2069 1822 2117 vel
1857 2071 2080 2118 defuncto
2104 2087 2218 2134 pure
2256 2076 2305 2120 et
2340 2072 2450 2120 sim-

520 2164 707 2226 pliciter
742 2162 788 2208 in
825 2160 1040 2207 manibus
1075 2159 1191 2206 dicti
1217 2157 1463 2206 reuerendi
1486 2157 1637 2221 patris
1671 2157 1712 2205 si
1747 2159 1872 2221 quod
1903 2158 1983 2220 jus
2006 2160 2067 2205 ad
2091 2159 2267 2208 dictam
2290 2159 2449 2208 villam

520 2252 593 2299 vel
632 2251 839 2298 decimas
876 2249 1082 2296 eiusdem
1125 2263 1154 2294 a
1193 2261 1486 2310 quocumque
1523 2245 1745 2309 episcopo
1787 2246 2097 2296 Brechinensi
2138 2263 2223 2296 seu
2261 2250 2451 2298 asseda-

518 2342 696 2387 tionem
733 2354 817 2401 pro
866 2353 915 2384 se
965 2335 1039 2383 vel
1074 2335 1325 2382 heredibus
1373 2334 1470 2382 suis
1518 2334 1714 2382 haberet
1769 2334 1843 2382 vel
1897 2351 2190 2399 quocumque
2236 2342 2449 2401 tempore

519 2429 747 2492 preterito
784 2443 813 2473 a
848 2439 1139 2489 quocumque
1177 2423 1417 2471 habuisset
1454 2426 1622 2486 sponte
1664 2427 1713 2470 et
1753 2422 1900 2471 libere
1940 2425 2001 2471 ad
2046 2440 2199 2487 genua
2243 2427 2450 2475 sedendo

519 2519 642 2566 fuste
690 2522 739 2563 et
786 2514 955 2562 baculo
1002 2529 1183 2561 sursum
1243 2511 1374 2559 dedit
1435 2515 1484 2559 et
1546 2511 1802 2574 resignauit
1861 2527 1918 2559 ac
1978 2512 2106 2560 omni
2161 2515 2449 2563 assedationi

521 2608 609 2655 sibi
661 2606 708 2652 in
758 2618 1052 2667 quocumque
1112 2606 1323 2664 tempore
1374 2599 1602 2663 preterito
1651 2615 1681 2646 a
1730 2615 2022 2663 quocumque
2083 2601 2209 2649 facte
2261 2604 2449 2665 penitus

522 2693 814 2742 renunciauit
838 2690 1107 2754 supplicans
1131 2689 1258 2736 dicto
1283 2688 1504 2751 episcopo
1540 2691 1593 2735 ut
1628 2688 1718 2736 sibi
1742 2688 1918 2736 dictam
1943 2688 2100 2736 villam
2125 2705 2231 2737 cum
2255 2692 2449 2740 decimis

522 2800 606 2847 pro
640 2787 852 2844 tempore
888 2779 983 2826 vite
1019 2794 1102 2826 sue
1137 2778 1381 2825 assedaret
1419 2804 1429 2813 ·
1467 2776 1560 2830 Qui
1595 2777 1881 2824 reuerendus
1914 2781 2053 2840 pater
2087 2778 2243 2827 dictus
2265 2796 2446 2829 sursum

523 2873 760 2920 dationem
786 2885 890 2915 cum
917 2869 1041 2914 fuste
1077 2871 1126 2914 et
1160 2864 1329 2912 baculo
1363 2868 1413 2912 et
1447 2864 1815 2927 resignacionem
1850 2870 2018 2926 sponte
2042 2865 2090 2912 in
2114 2867 2329 2916 manibus
2352 2870 2449 2918 suis

522 2966 574 3008 ut
598 2961 831 3023 prefertur
864 2958 1018 3003 factas
1052 2954 1231 3017 recepit
1269 2982 1278 2991 ·
1317 2953 1382 3000 Et
1418 2952 1719 3000 considerans
1756 2956 1805 2999 et
1840 2954 2092 3002 attendens
2128 2954 2298 3002 bonum
2322 2972 2450 3004 seru-

523 3051 663 3098 icium
698 3048 798 3094 eius
834 3062 895 3092 ex
932 3059 1160 3091 consensu
1195 3042 1392 3088 fratrum
1428 3055 1616 3088 suorum
1652 3040 1712 3087 ad
1748 3040 1837 3087 hoc
1873 3040 2144 3103 specialiter
2178 3048 2448 3093 vocatorum

522 3141 697 3186 dietam
722 3134 880 3181 villam
916 3149 1020 3180 cum
1060 3130 1254 3178 decimis
1278 3129 1485 3177 eiusdem
1521 3128 1610 3176 sibi
1646 3144 1731 3190 pro
1754 3131 1966 3190 tempore
1989 3128 2084 3176 vite
2108 3145 2190 3177 sue
2215 3132 2449 3181 duntaxat

521 3225 759 3276 assedauit
783 3239 868 3286 pro
892 3220 1107 3268 undecim
1132 3219 1265 3266 libris
1287 3233 1373 3266 sex
1398 3216 1561 3268 solidis
1595 3220 1644 3264 et
1679 3219 1788 3263 octo
1821 3216 2024 3264 denariis
2062 3245 2072 3254 ·
2110 3218 2261 3281 Super
2283 3220 2451 3282 quibus

521 3313 755 3365 omnibus
785 3316 834 3359 et
886 3308 1079 3372 singulis
1116 3309 1252 3355 Idem
1292 3306 1558 3369 *episcopus
1595 3320 1625 3351 a
1661 3319 1737 3351 me
1777 3304 1963 3352 notario
2000 3305 2189 3367 publico
2225 3308 2314 3355 sibi
2349 3308 2448 3357 fieri
