3034 3990
458 617 512 670 vi
1348 610 1810 667 TABULA.

461 792 523 833 49.
579 793 900 843 Transsumptum
928 792 1179 831 Instrumenti
1209 792 1402 842 quondam
1432 790 1622 829 Johannis
1642 790 1823 828 Brekbell
1843 791 1982 828 notarii
2006 790 2149 839 publici
2170 789 2283 839 quale
2312 789 2517 827 servicium
2539 795 2714 827 tenentes

645 865 684 898 et
711 861 780 897 viri
810 858 1066 896 inhabitantes
1095 857 1223 895 villam
1251 857 1299 894 de
1332 855 1589 904 Kuykstoune
1616 858 1797 892 tenentur
1823 854 1951 892 facere
1981 853 2176 903 Episcopo
2207 852 2469 890 Brechinensi.
2525 848 2593 901 [23
2616 852 2712 890 Mar.

646 925 806 963 1435-6.
825 923 877 961 so.
898 920 1023 973 lxxx.]

465 1052 525 1090 50.
582 1052 883 1090 Instrumentum
914 1047 1208 1086 protestationis
1242 1045 1395 1083 nomine
1430 1044 1610 1094 Episcopi
1645 1049 1780 1081 contra
1801 1042 2010 1082 Rectorem
2041 1044 2089 1081 de
2111 1044 2292 1082 Lethnot.
2350 1043 2547 1094 (Wreittis
2573 1044 2630 1082 off
2653 1056 2717 1093 my

648 1115 730 1153 lord
753 1112 949 1153 Crasurdis
968 1112 1203 1160 concerning
1222 1109 1286 1148 the
1305 1107 1517 1158 hospitall.)
1573 1103 1643 1156 [13
1662 1107 1755 1145 Jun.
1779 1108 1892 1146 1439.
1911 1108 1963 1145 fo.
1985 1107 2136 1159 xxxix.]

466 1245 528 1280 51.
584 1242 695 1279 Bulla
715 1240 867 1289 Papalis
887 1252 957 1288 pro
977 1237 1292 1287 augmentatione
1317 1235 1650 1274 Vestimentorum
1670 1238 1710 1273 et
1746 1233 1964 1284 Capparum
1993 1234 2169 1273 Ecclesie
2200 1233 2483 1272 Brechinensis.
2542 1230 2582 1283 [7
2616 1234 2722 1283 Sept.

653 1304 767 1339 1442.
786 1302 840 1338 fo.
864 1298 1056 1351 lxxxxvj.]

473 1433 535 1469 52.
595 1429 846 1468 Confirmatio
870 1428 986 1466 carte
1006 1426 1137 1464 Dauid
1159 1425 1343 1464 Connane
1363 1428 1550 1462 terrarum
1566 1423 1614 1461 de
1631 1422 1866 1472 Tempillhill
1886 1423 1934 1460 de
1955 1423 2098 1461 Kethik
2114 1422 2218 1462 facta
2238 1436 2305 1472 per
2326 1423 2520 1462 Andream
2537 1423 2727 1462 Meldrum

651 1494 812 1531 militem
831 1492 878 1529 de
901 1490 1132 1528 Torfeehen.
1190 1486 1232 1539 [2
1253 1488 1332 1527 Jul.
1356 1488 1470 1526 1443.
1491 1488 1543 1527 fo.
1564 1485 1718 1539 cxviij.]

473 1624 534 1660 53.
592 1621 792 1671 obligatio
813 1619 860 1657 de
880 1617 1023 1656 Dunde
1044 1629 1113 1666 pro
1132 1615 1373 1666 reparatione
1392 1615 1556 1653 ecclesie
1575 1613 1759 1665 ejusdem.
1816 1611 1859 1664 [4
1878 1615 1904 1653 J
1909 1615 1958 1652 ul.
1981 1615 2095 1653 1443.
2115 1615 2167 1652 fo.
2187 1615 2340 1665 cxxxvj,
2361 1613 2419 1666 b.]

1376 1698 1397 1711 -ae

472 1751 534 1787 54.
591 1748 800 1786 Indentura
827 1745 1032 1784 concordie
1061 1744 1162 1783 inter
1193 1743 1402 1794 Regem'et
1432 1742 1652 1791 Capitulum
1681 1741 1729 1779 de
1757 1741 1922 1780 ecclesia
1948 1742 1996 1780 de
2027 1742 2264 1792 Cortoquhy.
2320 1738 2389 1792 [15
2418 1742 2497 1780 Jul.
2530 1743 2642 1780 1443.
2672 1742 2724 1780 so.

657 1811 802 1861 xxxvij,
823 1808 881 1861 b.]

472 1941 534 1977 55.
593 1939 709 1976 Carta
729 1937 858 1975 Dauid
880 1936 1014 1975 Conan
1034 1948 1152 1985 penes
1172 1939 1293 1972 terras
1312 1933 1361 1971 de
1382 1932 1539 1971 Kethik.
1598 1930 1668 1984 [13
1691 1932 1785 1971 Feb.
1807 1933 1965 1970 1444-5.
1986 1932 2039 1971 fo.
2060 1932 2197 1985 cxvij.]

476 2069 538 2105 56.
597 2066 915 2114 Transsumptum
936 2064 1097 2101 duarum
1118 2061 1305 2100 bullarum
1326 2060 1374 2098 de
1394 2059 1607 2109 priuilegiis
1630 2059 1909 2109 Episcoporum
1929 2060 1966 2097 in
1989 2068 2124 2099 morte.
2182 2059 2250 2112 [28
2271 2062 2363 2100 Jun.
2388 2063 2500 2099 1445.
2522 2062 2572 2100 fo.
2592 2061 2718 2114 lxxij.]

477 2195 539 2231 57.
599 2192 746 2230 Ultima
766 2190 954 2228 conducio
973 2189 1164 2227 Johannis
1186 2187 1344 2226 Conane
1362 2199 1481 2236 penes
1502 2191 1622 2223 terras
1639 2185 1686 2223 de
1709 2186 1942 2235 Tempilhill.
2001 2184 2044 2238 [4
2065 2188 2157 2238 Maij
2182 2189 2295 2226 1446.
2313 2190 2366 2226 fo.
2388 2189 2489 2233 cxix,
2510 2188 2566 2241 b.]

482 2323 544 2358 58.
602 2319 803 2368 Inquisitio
831 2318 934 2355 facta
963 2316 1076 2366 quale
1107 2315 1312 2352 seruicium
1342 2318 1497 2351 tenetur
1527 2313 1756 2362 Capellanus
1780 2313 1827 2351 de
1855 2314 2062 2352 Caldhame
2090 2315 2219 2354 facere
2246 2316 2441 2366 Episcopo
2470 2318 2733 2356 Brechinensi.

666 2381 734 2434 [25
757 2382 862 2432 Maij.
891 2382 1004 2419 1446.
1024 2380 1076 2418 fo.
1098 2379 1258 2430 xxxviij,
1279 2377 1335 2431 b.]

481 2514 543 2550 59.
600 2512 898 2549 Instrumentum
940 2506 1226 2558 Resignationis
1252 2506 1299 2544 de
1329 2506 1547 2544 Maritoune
1576 2518 1645 2554 per
1673 2511 1941 2555 procuratores
1968 2506 2111 2545 Jonete
2143 2507 2304 2557 Ogilby.
2363 2505 2405 2558 [2
2425 2507 2521 2546 Jun.
2548 2509 2659 2546 1446.
2680 2508 2733 2546 so.

669 2573 813 2624 lxxxxj,
836 2571 891 2624 b.]

489 2705 551 2741 60.
608 2700 724 2742 Carta
751 2700 959 2739 Alexandri
985 2699 1234 2738 Crawmonde
1254 2698 1302 2735 de
1325 2697 1679 2747 Southmelgounde
1699 2702 1739 2736 et
1760 2698 1928 2735 Aldbare
1948 2698 2053 2736 facta
2079 2697 2107 2736 J
2113 2697 2254 2736 ohanni
2273 2697 2467 2747 Episcopo
2488 2698 2736 2737 Brechinensi

671 2777 785 2814 super
803 2764 917 2802 certis
937 2764 1071 2800 annuis
1091 2762 1317 2800 redditibus.
1374 2758 1416 2811 [9
1440 2761 1537 2799 Dec.
1562 2762 1676 2798 1447.
1697 2761 1750 2799 fo.
1771 2759 1904 2813 cxxx.]

491 2893 553 2929 61.
611 2890 742 2928 Litera
777 2889 824 2926 de
858 2889 893 2926 le
926 2889 1053 2926 teindc
1087 2900 1216 2937 penny
1244 2887 1292 2924 de
1322 2886 1502 2935 Mernyss
1529 2887 1634 2924 facta
1663 2887 1700 2923 in
1729 2887 1836 2925 curia
1866 2886 2125 2926 vicecomitis.
2144 2887 2192 2926 de
2223 2887 2471 2936 Kyncardine
2500 2892 2607 2926 tenta
2638 2885 2747 2938 apud'

674 2953 947 3001 Enuerberwy.
1005 2948 1043 3001 [1
1067 2951 1194 3000 April.
1219 2951 1332 2987 1448.
1352 2950 1404 2987 so.
1426 2948 1590 3001 lxxxix.]

494 3084 555 3119 62.
612 3081 930 3127 Transsumptum
962 3078 1076 3116 Carte
1098 3077 1283 3114 Willelmi
1314 3076 1433 3126 Regis
1461 3077 1508 3114 de
1535 3077 1656 3114 libero
1682 3076 1768 3114 foro
1797 3076 2049 3115 Brechinensi
2076 3083 2115 3115 et
2134 3078 2365 3128 cognitionis
2394 3080 2563 3130 ejusdem
2591 3081 2735 3119 factum

676 3142 776 3192 apud
810 3141 997 3179 Brecliine
1028 3154 1095 3190 per
1125 3140 1385 3178 Camerarium
1417 3138 1536 3190 Regis
1565 3145 1604 3178 et
1632 3152 1678 3177 ex
1708 3139 1791 3189 ejus
1820 3140 2000 3178 mandat-o
2019 3140 2069 3178 de
2086 3141 2264 3180 libertate
2283 3143 2377 3181 dicti
2395 3143 2481 3182 fori.
2553 3141 2621 3194 [16
2643 3145 2735 3195 Maij

681 3207 792 3243 1448.
811 3205 862 3243 fo.
884 3204 938 3257 v.]

497 3337 558 3373 63.
614 3334 932 3381 Transsumptum
972 3331 1085 3369 Carte
1118 3329 1300 3367 Willelmi
1338 3329 1456 3379 Regis
1493 3330 1694 3368 Scotorum
1727 3330 1775 3367 de
1807 3329 1927 3367 libero
1959 3330 2046 3367 foro
2081 3330 2330 3371 Brecliinensi
2366 3342 2402 3371 et
2437 3335 2484 3372 de
2517 3337 2737 3385 cognitione

680 3397 848 3447 ejusdem
869 3396 971 3434 facta
990 3395 1091 3444 apud
1113 3394 1299 3433 Brechine
1322 3406 1389 3443 per
1410 3394 1669 3434 Camerarium
1692 3393 1811 3443 Regis
1832 3393 1971 3431 Dauid.
2030 3391 2098 3444 [16
2121 3396 2212 3446 Maij
2236 3398 2349 3435 1448.
2370 3397 2422 3435 fo.
2444 3399 2569 3449 cxxvj,
2594 3400 2650 3452 b.]
