2950 3970
683 631 1148 692 REGISTRUM
1185 639 1724 697 EPISCOPATUS
1764 642 2354 703 BRECHINENSIS.
2394 650 2466 707 57

536 819 771 883 episcopis
807 827 856 870 et
896 824 1096 875 Keldeis
1135 828 1192 874 de
1231 828 1433 878 ecclesia
1470 831 1527 878 de
1568 831 1800 879 Brechine
1825 833 2128 882 donacionem
2152 833 2278 882 illam
2314 853 2451 899 quam

537 909 669 958 dedit
693 910 780 959 eiis
803 927 888 959 rex
914 912 1073 962 Dauid
1098 932 1215 965 auus
1239 933 1369 966 meus
1403 934 1487 981 per
1525 922 1705 967 cartam
1728 935 1858 968 suam
1898 922 1955 968 de
1991 921 2092 970 foro
2116 922 2453 986 imperpetuum

535 998 756 1047 habituro
793 1000 842 1047 in
879 1001 991 1050 villa
1028 1019 1112 1066 per
1151 1004 1251 1053 dies
1289 1006 1546 1056 dominicos
1568 1008 1687 1056 adeo
1710 1007 1855 1056 libere
1879 1010 2001 1058 sicut
2024 1010 2270 1074 episcopus
2294 1012 2455 1060 Sancti

535 1087 726 1135 Andree
749 1088 900 1137 forum
924 1090 1068 1139 habet
1106 1120 1116 1129 ·
1154 1093 1208 1139 T.
1235 1093 1431 1142 Andrea
1450 1095 1669 1159 episcopo
1693 1096 1751 1144 de
1776 1096 1970 1146 Catines
1996 1098 2255 1161 Nycholaio
2273 1101 2453 1148 cancel-

533 1175 652 1224 lario
697 1179 823 1241 apud
848 1179 1054 1227 Brechin
1092 1209 1101 1218 ·
1139 1182 1296 1230 Tenor
1318 1188 1448 1231 carte
1475 1183 1673 1231 Roberti
1710 1185 1918 1248 Brouyss
1942 1187 2000 1233 de
2024 1187 2166 1235 verbo
2190 1188 2237 1234 in
2261 1189 2449 1236 verbum

535 1265 748 1328 sequitur
784 1267 864 1330 qui
901 1271 974 1316 est
1012 1268 1124 1317 talis
1163 1271 1402 1319 Robertus
1439 1271 1537 1319 Dei
1573 1273 1726 1334 gratia
1772 1289 1856 1320 rex
1895 1274 2141 1322 Scotorum
2180 1304 2189 1313 ·
2225 1276 2451 1325 Omnibus

533 1354 693 1416 probis
715 1354 982 1405 hominibus
1003 1357 1157 1407 tocius
1180 1362 1305 1406 terre
1329 1363 1529 1408 suetam
1547 1359 1730 1409 clericis
1749 1378 1890 1424 quam
1909 1361 2042 1411 laicis
2060 1363 2259 1411 salutem
2280 1365 2452 1413 Sciatis

533 1457 620 1492 nos
642 1445 930 1494 concessisse
967 1447 1222 1494 venerabili
1258 1447 1306 1495 in
1343 1448 1500 1496 Cristo
1523 1449 1648 1512 patri
1672 1450 1705 1496 J
1709 1450 1881 1497 ohanni
1917 1450 2010 1498 Dei
2045 1452 2202 1514 gracia
2234 1453 2451 1516 episcopo

535 1532 844 1581 Brechinensi
859 1533 1068 1597 capitulo
1086 1539 1135 1582 et
1154 1535 1393 1584 canonicis
1411 1535 1604 1584 ecslesie
1621 1537 1794 1584 Sancte
1811 1537 2059 1587 Trinitatis
2073 1538 2164 1586 loci
2183 1540 2389 1588 eiusdem
2404 1547 2452 1589 et

532 1637 694 1669 eorum
726 1623 1075 1672 successoribus
1111 1623 1454 1687 imperpetuum
1492 1626 1615 1688 quod
1653 1625 1858 1673 habeant
1894 1630 2087 1675 teneant
2110 1631 2159 1675 et
2184 1629 2451 1691 possideant

531 1710 684 1757 forum
703 1710 752 1757 in
770 1710 967 1758 ciuitate
984 1711 1291 1761 Brechinensi
1312 1712 1504 1775 singulis
1522 1713 1685 1762 diebus
1703 1714 1947 1762 dominicis
1964 1715 2084 1763 sicut
2104 1716 2243 1764 dictis
2257 1718 2451 1766 ecclesie

532 1803 582 1846 et
606 1799 845 1848 canonicis
868 1815 1141 1849 concessum
1165 1805 1238 1848 est
1262 1817 1346 1864 per
1373 1801 1530 1864 Reges
1553 1802 1717 1849 Scocie
1746 1803 2098 1865 predecessores
2120 1809 2305 1854 nostros
2341 1834 2350 1844 ·
2389 1807 2452 1854 Et

532 1888 656 1935 sicut
678 1870 901 1936 libertate
926 1888 1042 1936 dicti
1065 1889 1154 1937 fori
1177 1889 1361 1952 plenius
1383 1889 1576 1938 liberius
1611 1895 1658 1938 et
1694 1891 1902 1954 quiecius
1939 1893 2007 1940 usi
2030 1893 2216 1941 fuerunt
2240 1898 2449 1958 tempore

532 1977 653 2024 bone
689 1977 912 2025 memorie
949 1976 1207 2025 Alexandri
1246 1978 1367 2040 regis
1403 1979 1566 2026 Scocie
1602 1979 1942 2041 predecessoris
1981 1981 2127 2028 nostri
2170 1981 2332 2030 ultimo
2373 1985 2451 2030 de—

530 2066 682 2114 functi
721 2095 730 2104 ·
769 2066 926 2122 Quare
950 2068 1228 2115 mandamus
1263 2070 1311 2114 et
1346 2067 1540 2114 firmiter
1572 2067 1855 2130 precipimus
1870 2068 2147 2129 justiciariis
2170 2070 2452 2119 vicecomiti-

531 2155 619 2202 bus
652 2155 906 2218 prepositis
939 2159 987 2203 et
1022 2171 1180 2203 eorum
1216 2155 1403 2204 balliuis
1435 2156 1558 2219 quod
1595 2156 1771 2203 dictum
1806 2156 2072 2219 episcopum
2114 2158 2366 2221 capitulum
2402 2165 2449 2207 et

532 2244 784 2292 canonicos
807 2259 864 2291 ac
887 2259 1048 2292 eorum
1073 2259 1367 2292 successores
1390 2245 1438 2290 in
1461 2243 1682 2292 libertate
1704 2243 1793 2292 fori
1816 2244 1887 2292 sui
1911 2245 2109 2307 predicti
2125 2246 2253 2307 juste
2288 2263 2448 2295 manu-

529 2337 726 2382 teneant
761 2338 810 2382 et
846 2334 1100 2381 defendant
1135 2350 1228 2381 non
1263 2333 1578 2397 permittendo
1623 2348 1704 2380 eos
1745 2336 1909 2379 contra
1942 2333 2062 2380 hanc
2108 2335 2449 2383 concessionem

530 2426 742 2471 nostram
796 2425 1028 2486 quatenus
1075 2422 1121 2469 in
1169 2421 1255 2469 eiis
1302 2420 1444 2468 fuerit
1489 2419 1783 2483 aliquatenus
1828 2419 1998 2468 iniuste
2043 2422 2304 2483 perturbari
2342 2451 2351 2460 ·
2388 2423 2446 2470 In

531 2511 663 2560 cuius
698 2511 766 2559 rei
800 2510 1122 2559 testimonium
1157 2510 1364 2574 presenti
1399 2509 1687 2557 concessioni
1709 2512 1867 2556 nostre
1891 2508 2090 2571 sigillum
2113 2514 2321 2558 nostrum
2344 2528 2446 2574 pre-

530 2601 738 2664 cepimus
775 2600 948 2663 apponi
987 2627 996 2636 ·
1035 2599 1255 2647 Testibus
1294 2597 1630 2646 venerabilibus
1667 2597 1715 2643 in
1753 2596 1908 2644 Cristo
1946 2596 2164 2645 Patribus
2202 2597 2441 2647 Willelmo

531 2688 774 2737 Willelmo
809 2692 858 2736 et
894 2687 1105 2735 Henrico
1141 2687 1234 2734 Dei
1270 2687 1423 2749 gratia
1459 2686 1795 2734 Sanctiandree
1833 2684 2181 2734 Dunkeldensis
2213 2689 2260 2734 et
2296 2688 2444 2734 Aber-

530 2779 749 2827 donensis
772 2777 1075 2825 ecclesiarum
1101 2775 1333 2839 episcopis
1357 2775 1587 2822 Duncano
1610 2772 1781 2821 comite
1816 2773 1873 2819 de
1910 2773 2028 2835 Fyfe
2054 2773 2246 2821 Malicio
2271 2776 2440 2822 comite

528 2869 584 2915 de
609 2868 887 2916 Stratherne
914 2865 1133 2913 Waltero
1158 2862 1427 2912 Senescallo
1452 2862 1610 2910 Scotie
1630 2865 1678 2908 et
1699 2860 1975 2908 Alexandro
1993 2861 2163 2908 Fraser
2186 2864 2439 2910 camerario

525 2957 686 3004 Scotie
720 2955 948 3002 militibus
986 2982 996 2991 ·
1034 2953 1172 3016 Apud
1209 2952 1411 3000 Sconam
1459 2950 1638 2997 decimo
1684 2949 1759 2996 die
1799 2947 1917 2995 Julii
1957 2964 2080 2995 anno
2120 2950 2247 3011 regni
2293 2953 2439 2998 nostri

524 3049 663 3093 sexto
698 3044 880 3091 decimo
920 3071 930 3079 ·
968 3042 1124 3089 Tenor
1150 3057 1256 3088 vero
1281 3043 1409 3087 carte
1435 3038 1595 3086 Dauid
1621 3037 1740 3100 regis
1774 3036 1984 3099 sequitur
2007 3037 2064 3083 de
2089 3038 2228 3084 verbo
2262 3038 2309 3084 in
2345 3055 2442 3086 ver-

522 3134 632 3180 bum
657 3137 706 3180 et
731 3136 805 3180 est
828 3131 940 3179 talis
965 3130 1124 3177 Dauid
1149 3129 1243 3176 Dei
1266 3127 1418 3190 gratia
1441 3143 1522 3173 rex
1547 3126 1792 3173 Scotorum
1828 3125 2040 3172 omnibus
2064 3125 2220 3187 probis
2244 3126 2438 3174 homini-

520 3223 607 3270 bus
642 3221 797 3270 tocius
830 3224 956 3268 terre
992 3235 1075 3267 sue
1111 3217 1311 3266 salutem
1352 3244 1360 3253 ·
1399 3215 1571 3262 Sciatis
1604 3229 1689 3261 nos
1723 3212 1906 3260 dedisse
1948 3213 2231 3262 concessisse
2267 3218 2316 3262 et
2349 3215 2436 3263 hac

520 3310 728 3374 presenti
770 3313 903 3356 carta
939 3311 1100 3355 nostra
1136 3305 1430 3353 confirmasse
1472 3300 1726 3349 venerabili
1766 3300 1812 3346 in
1856 3300 2011 3352 Cristo
2051 3301 2180 3347 Patri
2231 3302 2435 3350 Patricio
