2950 3970
557 590 1029 647 REGISTRUM
1068 593 1605 650 EPISCOPATUS
1646 596 2238 657 BREOHINENSIS.
2306 607 2412 659 193

472 777 563 824 1100
600 783 765 827 nostra
801 782 1042 829 sententia
1080 783 1489 845 compromissaria
1524 785 1584 831 ad
1622 784 1895 833 instantiam
1932 792 2282 849 procuratorum
2306 792 2400 838 dic-

469 869 626 914 torum
670 869 962 917 dominorum
1005 870 1328 934 episcoporum
1368 899 1377 909 ·
1418 899 1427 909 -
1466 900 1476 910 -
1513 873 1560 918 in
1602 872 1802 921 ecclesia
1846 874 2103 936 parochiali
2153 876 2210 923 de
2254 877 2395 925 Perth

470 954 655 1003 decimo
678 957 881 1019 septimo
917 958 992 1006 die
1028 959 1202 1007 mensis
1239 960 1484 1008 Februarii
1519 976 1642 1008 anno
1678 961 1871 1008 Domini
1905 962 2153 1011 millesimo
2177 966 2394 1027 quadrin-

467 1044 730 1105 gentesimo
776 1047 1072 1109 sexagesimo
1124 1050 1262 1095 sexto
1306 1047 1421 1096 hora
1466 1064 1589 1096 nona
1636 1052 1748 1096 ante
1795 1050 2038 1098 meridiem
2078 1078 2087 1089 ·
2128 1052 2392 1100 Indictione

468 1132 832 1196 decimaquinta,
870 1135 1171 1197 pontificatus
1208 1163 1218 1172 ·
1258 1162 1267 1172 ·
1305 1162 1316 1174 ν
1352 1135 1531 1183 domini
1570 1135 1705 1183 Pauli
1743 1164 1753 1174 ·
1791 1164 1801 1173 ·
1843 1165 1852 1174 ·
1889 1153 2009 1201 pape
2041 1125 2232 1186 secundi
2267 1157 2390 1188 anno

466 1221 612 1268 tertio
648 1222 946 1283 presentibus
986 1222 1240 1270 venerabili
1275 1223 1323 1269 in
1360 1223 1516 1271 Cristo
1551 1227 1686 1287 patre
1719 1225 1939 1273 «Iohanne
1963 1226 2134 1274 abbate
2170 1228 2228 1274 de
2266 1229 2390 1275 Lun-

467 1310 594 1358 doris
632 1338 641 1347 ·
681 1311 874 1358 Necnon
912 1310 1256 1359 venerabilibus
1292 1325 1349 1358 ac
1387 1311 1741 1374 circumspectis
1778 1312 1889 1361 viris
1922 1313 2158 1376 magistris
2180 1316 2262 1362 viz.
2302 1317 2389 1363 Pap

466 1397 605 1444 tricio
643 1399 806 1461 Zoung
840 1399 1028 1446 Jacobo
1068 1399 1445 1461 Lewyngstoune
1481 1399 1702 1446 Johanne
1742 1400 1961 1463 Donaldy
1986 1403 2164 1450 decano
2198 1419 2387 1465 precen-

462 1490 566 1534 tore
591 1490 640 1534 et
664 1486 946 1534 cancellario
970 1486 1170 1535 ecclesie
1195 1485 1546 1534 Dunkeldensis
1584 1515 1593 1523 ·
1633 1486 1870 1534 Malcomo
1901 1489 2108 1537 Lowtoit
2143 1489 2385 1539 licentiato

463 1574 511 1621 in
536 1575 740 1622 decretis
763 1574 938 1622 vicario
963 1575 1021 1622 de
1046 1574 1314 1622 Tibirmwir
1335 1575 1368 1620 J
1373 1575 1555 1622 ohanne
1576 1575 1772 1637 Benyng
1795 1579 1844 1622 et
1866 1576 1899 1622 J
1904 1577 2084 1624 ohanne
2110 1578 2383 1641 Cristysoun

462 1663 649 1711 vicariis
684 1664 742 1710 de
780 1661 1011 1724 Kircaldy
1046 1666 1094 1709 et
1131 1661 1269 1709 Cleth
1308 1661 1644 1708 Sanctiandree
1681 1662 1895 1711 dioecesis
1916 1679 1972 1710 ac
1997 1665 2182 1712 domino
2207 1666 2385 1714 Thoma

463 1751 657 1798 Huntar
693 1749 938 1814 capellano
976 1778 985 1788 ·
1023 1750 1081 1796 In
1120 1765 1318 1813 quorum
1358 1749 1563 1796 omnium
1599 1753 1648 1797 et
1683 1749 1965 1812 singulorum
1994 1751 2130 1800 fidem
2167 1758 2215 1801 et
2249 1756 2382 1802 testi-

461 1839 667 1887 monium
705 1838 1038 1902 premissorum
1077 1842 1321 1901 presentes
1357 1837 1544 1886 litteras
1581 1837 1680 1886 siue
1718 1853 1910 1900 presens
1946 1839 2180 1902 publicum
2213 1841 2383 1889 instru-

460 1933 670 1976 mentum
718 1929 776 1974 de
822 1928 1047 1975 mandato
1092 1930 1254 1975 nostro
1302 1942 1385 1989 per
1430 1925 1702 1988 magistrum
1742 1925 1900 1973 Dauid
1941 1926 2119 1974 Coldefi
2158 1927 2378 1976 clericum

458 2021 670 2064 nostrum
707 2032 764 2064 ac
801 2015 1034 2063 notarium
1072 2014 1309 2078 publicum
1341 2014 1572 2062 subscribi
1596 2018 1644 2062 et
1668 2013 1897 2076 publicari
1930 2015 2124 2063 fecimus
2147 2032 2203 2063 ac
2228 2017 2377 2079 sigilli

457 2105 607 2152 nostri
646 2105 835 2152 rotundi
872 2102 1157 2166 appensione
1188 2102 1416 2163 jussimus
1454 2101 1730 2148 communiri
1753 2103 1877 2164 apud
1902 2102 2078 2150 dictum
2105 2103 2297 2166 burgum
2323 2107 2379 2152 de

458 2193 627 2241 Pertht
653 2193 728 2240 die
766 2221 777 2231 ·
815 2219 826 2230 ·
865 2220 875 2230 ·
912 2195 961 2239 et
984 2190 1187 2239 testibus
1211 2189 1543 2252 suprascriptis
1580 2217 1590 2226 ·
1628 2190 1693 2237 Et
1728 2204 1814 2251 ego
1850 2189 2011 2237 Dauid
2049 2190 2226 2238 Coldefi
2251 2208 2378 2254 pres-

454 2282 594 2344 byter
617 2281 956 2329 Sanctiandree
992 2278 1207 2327 dioecesis
1230 2277 1444 2340 publicus
1477 2277 1735 2324 autoritate
1770 2277 1999 2339 imperiali
2022 2279 2234 2328 notarius
2271 2308 2280 2316 -
2319 2309 2329 2317 ·
2368 2309 2377 2318 -

454 2386 654 2418 unacum
702 2367 1045 2416 venerabilibus
1089 2366 1202 2413 viris
1249 2365 1485 2427 magistris
1532 2364 1713 2411 Thoma
1764 2365 2036 2412 Lowddaile
2083 2366 2374 2414 decretorum

456 2460 649 2507 doctore
685 2462 734 2505 et
769 2456 929 2504 Dauid
966 2453 1203 2502 Meldrum
1241 2457 1424 2500 rectore
1460 2453 1517 2499 de
1555 2451 1687 2498 Blair
1720 2452 1995 2500 officialibus
2036 2452 2372 2502 Sanctiandree

457 2552 506 2595 et
540 2544 868 2594 Dunkeldensi
891 2544 939 2590 in
964 2557 1110 2590 causa
1133 2540 1405 2604 supra-dicta
1428 2539 1742 2587 assessoribus
1773 2554 1830 2587 ac
1853 2540 2054 2588 testibus
2081 2542 2373 2603 prenomina-

456 2636 521 2684 tis
543 2650 737 2698 presens
760 2637 809 2681 et
832 2629 1144 2696 personaliter
1168 2628 1358 2676 interfui
1385 2628 1548 2690 anue
1587 2654 1596 2664 ·
1636 2655 1645 2664 ·
1686 2654 1695 2664 -

404 2851 433 2880 ψ
456 2835 603 2883 Carta
626 2834 660 2880 J
664 2833 800 2882 acobi
825 2831 1070 2879 Wischart
1094 2843 1233 2891 super
1256 2826 1524 2874 venditione
1563 2825 1700 2872 unius
1721 2825 1979 2872 tenementi
2009 2826 2220 2875 ciuitatis
2256 2827 2370 2874 Bre-

455 2922 691 2971 chinensis
715 2919 892 2968 Dauidi
918 2917 1034 2966 Rait
1058 2920 1148 2964 etc.
1188 2944 1196 2952 ·

366 3079 431 3127 92
466 3047 737 3126 Omnibus
761 3076 883 3123 hanc
906 3076 1085 3121 cartam
1113 3067 1276 3117 visuris
1291 3065 1365 3112 vel
1388 3039 1617 3111 audituris
1643 3064 1677 3110 J
1680 3064 1854 3112 acobus
1879 3064 2148 3112 Wischeart
2172 3067 2230 3113 de
2256 3067 2364 3113 Pet-

454 3173 585 3217 tarro
622 3195 632 3204 -
671 3194 682 3205 ·
720 3193 731 3203 ·
768 3162 943 3211 Sciatis
980 3175 1055 3207 me
1092 3157 1276 3205 dedisse
1318 3152 1601 3200 concessisse
1640 3155 1688 3198 et
1722 3151 1810 3198 hac
1845 3152 2050 3214 presenti
2085 3157 2216 3200 carta
2260 3170 2365 3201 mea

456 3257 752 3304 confirmasse
812 3250 986 3299 dilecto
1033 3242 1376 3306 consanguineo
1421 3255 1526 3287 meo
1574 3239 1731 3286 Dauid
1782 3239 1878 3286 Rat
1923 3240 2015 3286 ciui
2063 3240 2363 3290 Brechinensi
