2950 3970
643 603 1106 659 REGISTRUM
1144 606 1678 666 EPISCOPATUS
1719 612 2303 670 BRECHINENSIS.
2373 617 2481 671 215

557 795 771 839 austrum
795 796 844 840 et
867 792 911 840 le
938 794 1093 842 Leehe
1117 797 1177 843 ad
1203 797 1390 844 boream
1416 814 1499 860 pro
1524 800 1724 862 quadam
1751 803 1881 848 certa
1904 817 2084 849 summa
2110 803 2304 865 pecunie
2335 803 2473 850 miehi

559 883 805 942 gratanter
855 909 865 918 ·
918 909 927 918 ·
981 911 990 919 ·
1039 884 1280 946 persoluta
1332 914 1340 922 ·
1395 914 1403 923 -
1458 915 1466 923 ·
1516 887 1788 935 Tenendum
1837 892 1885 936 et
1931 889 2194 937 habendum
2234 894 2386 938 totum
2428 896 2475 938 et

561 973 794 1036 integrum
831 974 1014 1023 dietum
1044 980 1366 1026 tenementum
1403 996 1601 1027 unacum
1636 997 1746 1028 aera
1776 986 1902 1029 terre
1925 982 2115 1030 arabilis
2138 983 2350 1045 predicta
2373 999 2474 1030 eum

559 1063 858 1135 pertinentiis
891 1066 1074 1127 prefate
1111 1066 1297 1114 domine
1335 1068 1604 1130 Margarete
1656 1069 1951 1131 Carmyehell
1995 1070 2243 1118 heredibus
2289 1071 2384 1118 suis
2431 1075 2478 1118 et

556 1151 808 1215 assignatis
832 1153 890 1200 de
915 1154 1102 1202 domino
1129 1155 1434 1204 Breohinensi
1458 1157 1506 1203 in
1530 1156 1676 1204 libero
1718 1158 1941 1219 burgagio
1966 1158 2013 1204 in
2036 1158 2174 1205 feodo
2210 1163 2259 1206 et
2297 1159 2479 1206 heredi-

557 1244 659 1288 tate
684 1241 1030 1304 imperpetuum
1053 1259 1138 1306 per
1161 1259 1323 1291 omnes
1346 1249 1501 1292 rectas
1524 1248 1676 1292 metas
1699 1261 1807 1293 suas
1843 1245 2061 1308 antiquas
2084 1249 2133 1294 et
2157 1246 2331 1294 diuisas
2369 1275 2378 1284 -
2417 1274 2426 1283 ·
2465 1274 2475 1283 ·

558 1345 663 1376 oum
689 1330 903 1378 omnibus
926 1329 1032 1378 aliis
1056 1335 1104 1378 et
1129 1331 1325 1394 singulis
1363 1332 1662 1380 libertatibus
1688 1361 1698 1370 ·
1727 1361 1736 1370 ·
1764 1361 1773 1370 ·
1798 1332 1944 1380 libere
1983 1361 1992 1370 ·
2032 1361 2042 1370 ·
2081 1361 2091 1371 ·
2127 1333 2249 1382 siout
2284 1333 2474 1397 aliquod

556 1423 886 1466 tenementum
925 1419 1048 1467 infra
1085 1419 1261 1468 dietam
1299 1421 1543 1468 ciuitatem
1583 1424 1774 1468 tenetur
1798 1420 2058 1468 Reddendo
2092 1421 2198 1468 inde
2237 1422 2474 1469 annuatim

555 1507 687 1555 dieta
711 1508 899 1555 domina
925 1508 1197 1570 Margareta
1219 1509 1416 1557 heredes
1452 1509 1523 1557 sui
1562 1513 1645 1556 aut
1684 1508 1910 1571 assignati
1947 1509 2134 1556 domino
2170 1510 2475 1558 Breohinensi

556 1600 783 1659 tanquam
809 1596 998 1644 domino
1034 1596 1262 1660 superiori
1298 1597 1413 1643 dicti
1449 1597 1707 1644 tenementi
1745 1600 1794 1644 et
1831 1612 1938 1644 aere
1973 1601 2098 1645 terre
2121 1597 2311 1645 arabilis
2336 1614 2474 1645 unum

557 1684 802 1732 denarium
830 1683 1006 1733 usualis
1029 1688 1217 1731 monete
1242 1685 1402 1732 Seotie
1427 1700 1566 1747 super
1601 1684 1794 1731 fundum
1832 1685 1947 1732 dicti
1980 1685 2237 1732 tenementi
2273 1685 2320 1732 in
2354 1686 2476 1734 festo

558 1773 900 1821 Pentheeostes
921 1772 1108 1820 nomine
1134 1771 1239 1819 albe
1271 1773 1401 1819 firme
1426 1772 1465 1820 si
1490 1776 1680 1835 petatur
1715 1776 1900 1820 tantum
1937 1789 2022 1835 pro
2058 1774 2181 1820 omni
2200 1773 2300 1820 'alio
2336 1789 2475 1820 onere

556 1862 757 1910 seruieio
781 1860 981 1910 seculari
1019 1889 1028 1898 ·
1068 1889 1077 1898 ·
1116 1889 1126 1897 ·
1163 1877 1246 1908 seu
1281 1862 1513 1908 demanda
1548 1877 1637 1923 que
1676 1888 1685 1897 ·
1726 1888 1735 1897 ·
1775 1888 1784 1897 ·
1823 1860 1946 1923 exigi
1982 1861 2188 1923 poterint
2227 1889 2236 1898 ·
2274 1887 2285 1900 ·
2324 1889 2334 1898 ·
2372 1862 2473 1924 Ego

557 1966 667 1998 vero
704 1951 860 1998 dietus
896 1949 1054 1997 Dauid
1092 1954 1140 1996 et
1173 1949 1369 1996 heredes
1409 1949 1501 1996 mei
1544 1949 1720 1996 dietum
1761 1953 2079 1997 tenementum
2122 1964 2318 1996 unacum
2365 1965 2474 1996 aera

555 2043 683 2087 terre
717 2037 909 2086 arabilis
945 2038 1126 2100 prefate
1169 2037 1355 2084 domine
1398 2037 1667 2099 Margarete
1705 2064 1715 2075 ·
1753 2064 1774 2079 ·.
1803 2065 1811 2074 ·
1847 2036 2236 2084 varantizabimus
2272 2064 2282 2074 ·
2321 2064 2330 2073 ·
2369 2064 2378 2074 ·
2416 2037 2474 2083 In

556 2129 690 2176 ouius
714 2128 780 2174 rei
805 2126 1127 2174 testimonium
1150 2126 1259 2173 huie
1283 2125 1489 2188 presenti
1515 2128 1644 2172 carte
1681 2140 1782 2172 mee
1814 2123 2013 2186 sigillum
2050 2140 2202 2170 meum
2237 2124 2471 2187 proprium

555 2221 629 2265 est
652 2231 910 2280 appensum
949 2214 1094 2277 Apud
1121 2213 1352 2260 Breohine
1376 2212 1740 2263 vicesimotertio
1765 2212 1840 2258 die
1864 2211 2036 2260 mensis
2072 2211 2315 2258 Februarii
2344 2227 2467 2258 anno

555 2305 750 2353 Domini
798 2302 1045 2350 millesimo
1093 2300 1551 2365 quadringentesimo
1597 2300 1895 2362 nonagesimo
1941 2299 2139 2362 septimo
2187 2315 2341 2346 eoram
2383 2299 2472 2346 hiis

554 2394 760 2443 testibus
798 2391 831 2437 J
837 2392 1019 2439 ohanne
1056 2390 1239 2438 Guthre
1272 2389 1493 2436 Johanne
1530 2388 1746 2435 Dunoani
1790 2387 2031 2434 Willelmo
2074 2387 2216 2434 Craik
2263 2386 2470 2433 Hem-ico

557 2482 868 2532 Steuinsoune
895 2479 1095 2527 dominis
1117 2478 1151 2524 J
1155 2479 1337 2526 ohanne
1362 2477 1604 2540 Chapman
1628 2481 1676 2524 et
1704 2476 1920 2524 Waltero
1945 2475 2086 2523 Clerk
2120 2475 2391 2538 presbiteris
2417 2478 2464 2521 et

555 2570 754 2619 notariis
775 2568 976 2633 publicis
1000 2583 1104 2614 oum
1130 2565 1327 2613 diuersis
1350 2564 1456 2612 aliis
1492 2593 1502 2601 -

559 2769 836 2833 Resignatio
878 2767 1037 2817 Dauid
1081 2765 1195 2812 Rait
1242 2763 1356 2811 dieti
1405 2763 1661 2810 tenementi
1702 2763 1748 2808 in
1790 2762 2002 2809 manibus
2049 2759 2246 2808 Roberti
2293 2759 2469 2807 Litster

557 2859 721 2907 balliui
761 2856 973 2905 ciuitatis
1015 2851 1346 2901 Breehinensis
1387 2851 1496 2897 date
1537 2851 1647 2897 anni
1693 2850 1885 2897 Domini
1928 2849 2136 2911 jm.ceoe.
2182 2847 2465 2909 nonagesimi

558 2946 747 3009 septimi
770 2943 943 2992 mensis
968 2940 1212 2989 Februarii
1236 2939 1311 2986 die
1336 2937 1497 2999 xxviij.
1536 2938 1601 2985 Et
1625 2941 1835 2985 notarius
1862 2936 2103 2984 Walterus
2128 2934 2268 2983 Clerk
2306 2962 2315 2972 ·

438 3111 532 3159 108
568 3074 646 3152 In
671 3104 763 3152 Dei
787 3102 973 3150 nomine
1012 3128 1021 3137 ·
1061 3128 1070 3136 ·
1109 3127 1118 3135 ·
1156 3097 1336 3145 eunetis
1364 3098 1527 3158 pateat
1551 3093 1796 3140 euidenter
1819 3091 1941 3154 quod
1965 3105 2087 3137 anno
2122 3088 2466 3136 Inoamationis

560 3193 809 3242 Dominiee
833 3190 1081 3238 millesimo
1117 3183 1572 3250 quadringentesimo
1607 3180 1905 3242 nonagesimo
1941 3178 2140 3241 septimo
2164 3177 2335 3224 mensis
2359 3192 2466 3223 vero

561 3281 806 3330 Februarii
844 3279 919 3326 die
962 3276 1353 3325 vicesimoootauo
1391 3300 1400 3308 -
1439 3269 1704 3318 Indictione
1747 3267 1927 3315 decima
1967 3266 2130 3329 quinta
2170 3264 2466 3327 pontificatus
