3034 3990
394 595 431 629 Ξῖ

1301 570 1766 625 TABULA.

400 755 484 792 106.
541 752 658 792 Carta
691 756 877 790 terrarum
914 750 963 788 de
1002 748 1231 799 Reydgoine
1268 745 1534 801 [Redgorton]
1571 759 1641 797 pro
1678 746 1927 786 Pensionario
1971 746 2218 786 Brechinensi
2267 750 2304 785 in
2351 748 2469 786 libera
2504 747 2660 787 foresta.

401 941 486 979 107.

403 1132 488 1168 108.

407 1322 489 1358 109.

408 1510 496 1546 110.

409 1762 492 1799 111.

411 2016 492 2051 112.

409 2204 494 2241 113.

606 811 677 865 [10
696 814 821 864 April.
842 813 957 852 1494.
975 812 1028 850 fo.
1046 811 1160 865 xiiij.]

546 940 663 979 Carta
682 939 814 979 Dauid
834 938 925 977 Rait
942 938 1038 977 ciui·
1059 936 1241 977 Ciuitatis
1260 935 1535 974 Breehinensis
1553 947 1668 984 super
1688 935 1908 974 venditione
1934 938 2048 975 unius
2077 938 2288 976 tenementi
2320 937 2539 988 Margarete
2571 937 2661 975 Car-

608 1003 762 1053 myohel
781 1003 948 1042 Ducisse
968 1001 1114 1040 Montis
1134 1000 1335 1039 Rosarum.
1392 997 1462 1051 [23
1483 998 1577 1038 Feb.
1603 999 1761 1038 1497-8.
1778 999 1832 1037 fo.
1847 998 1964 1051 xliij.]

547 1130 774 1180 Resignatio
794 1128 925 1167 Dauid
946 1127 1036 1166 Rait
1054 1126 1148 1164 dicti
1176 1124 1387 1165 tenementi
1414 1125 1454 1162 in
1483 1122 1657 1162 manibus
1687 1123 1848 1164 Roberti
1869 1124 2013 1164 Litster
2031 1126 2160 1164 balliui
2183 1126 2362 1165 Ciuitatis
2382 1126 2664 1164 Brechinensis.

613 1190 682 1244 [28
704 1191 798 1231 Feb.
822 1191 980 1230 1497-8.
998 1190 1053 1229 fo.
1072 1189 1184 1242 xlvj.]

549 1320 850 1359 Instrumentum
877 1318 1009 1357 Dauid
1038 1317 1130 1356 Rait
1156 1318 1221 1355 ubi
1243 1317 1392 1368 jurauit
1419 1316 1522 1367 quod
1550 1315 1733 1354 alienauit
1768 1315 1983 1364 predictum
2016 1319 2278 1355 tenementum
2311 1316 2454 1354 nemini
2473 1316 2545 1353 nisi
2578 1329 2664 1365 pre-

614 1382 716 1421 dicte
737 1382 957 1433 Margarete
976 1381 1145 1421 Ducisse
1164 1380 1312 1420 Montis
1332 1380 1535 1420 Rmnrum.
1591 1376 1634 1430 [ὃ
1654 1379 1748 1430 Maij
1772 1380 1885 1418 1500.
1903 1379 1956 1418 fo.
1977 1379 2076 1433 xlv.]

552 1508 797 1547 Tollerancia
824 1510 907 1547 siue
934 1508 1092 1547 licentia
1118 1506 1358 1545 Pensionarii
1379 1505 1649 1545 Brechinensis
1676 1506 1873 1557 cujusdam
1901 1506 2140 1555 aqueductus
2167 1506 2216 1544 de
2243 1506 2354 1544 terris
2380 1506 2429 1544 de
2459 1505 2671 1556 Reydgone

612 1569 878 1625 [Redgorton]
921 1573 1084 1611 extracti
1116 1570 1164 1609 ad
1194 1570 1454 1608 molendinum
1492 1570 1656 1608 Abbatis
1698 1575 1737 1607 et
1779 1570 2003 1608 Conuentus
2040 1570 2087 1607 de
2123 1568 2252 1618 Cupi-o
2294 1567 2437 1606 eisdem
2475 1580 2669 1606 concessa.

613 1633 656 1687 [6
676 1636 769 1687 Maij
795 1636 911 1675 1500.
938 1636 992 1674 fo.
1012 1635 1108 1686 xiiij,
1129 1633 1188 1686 b.]

550 1761 665 1801 Carta
692 1762 913 1812 Margarete
943 1762 1186 1812 Carmychell
1215 1761 1381 1800 Ducisse
1417 1759 1568 1798 Montis
1599 1760 1785 1798 Rosarum
1814 1759 1916 1798 facta
1943 1760 1991 1797 de
2021 1764 2242 1798 tenemento
2273 1760 2459 1798 Chol-istis
2494 1759 2667 1797 Ecclesie

621 1825 859 1864 cathedralis
880 1826 1162 1865 Brechinensis.
1220 1823 1289 1877 [29
1309 1824 1338 1863 J
1343 1837 1405 1863 un.
1427 1825 1539 1862 1505.
1556 1824 1609 1862 fo.
1629 1824 1721 1869 xlvi,
1741 1822 1799 1876 b.]
1855 1823 2049 1875 (Collated
2071 1825 2162 1863 with
2183 1825 2335 1863 chartei·
2349 1826 2388 1862 in
2409 1823 2544 1873 King's
2566 1823 2666 1862 Con-

615 1888 819 1936 firmation,
841 1889 918 1927 No.
942 1888 1046 1939 112.)

555 2014 669 2052 Carta
696 2014 1002 2053 mortificationis
1028 2015 1263 2054 fundationis
1290 2014 1515 2064 Margarete
1545 2014 1788 2064 Carmychell
1816 2014 1982 2053 Ducisse
2011 2013 2156 2053 Montis
2186 2014 2374 2053 Rosarum
2402 2015 2449 2053 de
2469 2027 2545 2052 uno
2565 2021 2671 2052 tene-

613 2083 744 2116 mento
762 2078 864 2116 infra
886 2078 1093 2118 Civitatem
1118 2079 1417 2118 Brechinensem
1435 2078 1540 2117 facta
1559 2078 1747 2116 choristis
1774 2078 1957 2129 ejusdem.
2014 2075 2082 2129 [23
2105 2078 2205 2128 Aug.
2231 2078 2342 2116 1505.
2363 2078 2417 2117 fo.
2435 2078 2540 2128 xlvij,
2562 2077 2618 2130 b.]

553 2203 743 2242 Fundatio
764 2204 984 2253 Capellanie
1004 2205 1052 2244 de
1074 2204 1293 2255 Carmylye.
1350 2203 1420 2257 [20
1439 2204 1466 2243 J
1471 2217 1533 2244 an.
1564 2206 1721 2244 1512-3.
1741 2205 1792 2243 fo.
1813 2204 1884 2256 Α]

415 2330 499 2367 114.
557 2330 855 2369 Instrumentum
883 2343 998 2381 super
1024 2331 1250 2370 fundatione
1279 2332 1489 2381 capellanie
1509 2331 1558 2369 ad
1576 2331 1695 2370 altare
1727 2331 1911 2370 Omnium
1932 2333 2158 2372 Sanctorum
2177 2333 2276 2372 infra
2296 2333 2508 2372 Ecclesiam
2532 2334 2671 2373 Cathe-

616 2393 759 2433 dralem
779 2393 1091 2434 Brechinensem.
1149 2392 1219 2446 [10
1237 2395 1326 2434 Jan.
1350 2395 1510 2433 1552-3.
1529 2394 1583 2433 fo.
1604 2394 1750 2446 cxlviij,
1770 2394 1828 2447 b.]
