<?xml version="1.0" encoding="UTF-8"?>
<!DOCTYPE html PUBLIC "-//W3C//DTD XHTML 1.0 Transitional//EN"
    "http://www.w3.org/TR/xhtml1/DTD/xhtml1-transitional.dtd">
<html xmlns="http://www.w3.org/1999/xhtml" xml:lang="en" lang="en">
 <head>
  <title>
</title>
<meta http-equiv="Content-Type" content="text/html;charset=utf-8" />
  <meta name='ocr-system' content='tesseract 3.04.00' />
  <meta name='ocr-capabilities' content='ocr_page ocr_carea ocr_par ocr_line ocrx_word'/>
</head>
<body>
  <div class='ocr_page' id='page_1' title='image "./registrumepiscop01brecuoft_0325.png"; bbox 0 0 2950 3970; ppageno 0'>
   <div class='ocr_carea' id='block_1_1' title="bbox 680 600 2495 682">
    <p class='ocr_par' dir='ltr' id='par_1_1' title="bbox 680 600 2495 682">
     <span class='ocr_line' id='line_1_1' title="bbox 680 600 2495 682; baseline 0.016 -28"><span class='ocrx_word' id='word_1_1' title='bbox 680 600 1143 662; x_wconf 83' lang='lat' dir='ltr'>REGISTRUM</span> <span class='ocrx_word' id='word_1_2' title='bbox 1182 610 1713 670; x_wconf 77' lang='lat' dir='ltr'>EPISCOPATUS</span> <span class='ocrx_word' id='word_1_3' title='bbox 1757 618 2335 680; x_wconf 83' lang='lat' dir='ltr'>BRECHINENSIS.</span> <span class='ocrx_word' id='word_1_4' title='bbox 2388 628 2495 682; x_wconf 86' lang='lat'>213</span> 
     </span>
    </p>
   </div>
   <div class='ocr_carea' id='block_1_2' title="bbox 519 876 2489 1016">
    <p class='ocr_par' dir='ltr' id='par_1_2' title="bbox 519 876 2489 1016">
     <span class='ocr_line' id='line_1_2' title="bbox 519 876 2489 954; baseline 0.013 -29"><span class='ocrx_word' id='word_1_5' title='bbox 519 898 547 925; x_wconf 52' lang='grc' dir='ltr'>ἦε</span> <span class='ocrx_word' id='word_1_6' title='bbox 575 876 721 925; x_wconf 87' lang='lat' dir='ltr'>Carta</span> <span class='ocrx_word' id='word_1_7' title='bbox 761 883 990 929; x_wconf 87' lang='lat' dir='ltr'>terrarum</span> <span class='ocrx_word' id='word_1_8' title='bbox 1033 885 1090 931; x_wconf 89' lang='lat' dir='ltr'>de</span> <span class='ocrx_word' id='word_1_9' title='bbox 1138 886 1409 950; x_wconf 86' lang='lat' dir='ltr'>Reydgoine</span> <span class='ocrx_word' id='word_1_10' title='bbox 1447 907 1531 953; x_wconf 88' lang='lat' dir='ltr'>pro</span> <span class='ocrx_word' id='word_1_11' title='bbox 1569 893 1863 954; x_wconf 84' lang='lat' dir='ltr'>pensionario</span> <span class='ocrx_word' id='word_1_12' title='bbox 1911 896 2213 948; x_wconf 87' lang='lat' dir='ltr'>Brechinensi</span> <span class='ocrx_word' id='word_1_13' title='bbox 2257 902 2301 948; x_wconf 89' lang='lat' dir='ltr'>in</span> <span class='ocrx_word' id='word_1_14' title='bbox 2344 902 2489 951; x_wconf 86' lang='lat' dir='ltr'>libera</span> 
     </span>
     <span class='ocr_line' id='line_1_3' title="bbox 572 966 865 1016; baseline 0.007 -4"><span class='ocrx_word' id='word_1_15' title='bbox 572 966 751 1015; x_wconf 88' lang='lat' dir='ltr'>foresta</span> <span class='ocrx_word' id='word_1_16' title='bbox 775 973 865 1016; x_wconf 89' lang='lat' dir='ltr'>etc.</span> 
     </span>
    </p>
   </div>
   <div class='ocr_carea' id='block_1_3' title="bbox 452 1114 2499 3333">
    <p class='ocr_par' dir='ltr' id='par_1_3' title="bbox 452 1114 2499 3333">
     <span class='ocr_line' id='line_1_4' title="bbox 452 1114 2488 1224; baseline 0.012 -36"><span class='ocrx_word' id='word_1_17' title='bbox 452 1143 545 1190; x_wconf 88' lang='lat'>106</span> <span class='ocrx_word' id='word_1_18' title='bbox 578 1114 812 1196; x_wconf 82' lang='lat' dir='ltr'>Jacobus</span> <span class='ocrx_word' id='word_1_19' title='bbox 837 1149 929 1197; x_wconf 88' lang='lat' dir='ltr'>Dei</span> <span class='ocrx_word' id='word_1_20' title='bbox 954 1153 1107 1212; x_wconf 86' lang='lat' dir='ltr'>gratia</span> <span class='ocrx_word' id='word_1_21' title='bbox 1133 1153 1239 1201; x_wconf 82' lang='lat' dir='ltr'>Rex</span> <span class='ocrx_word' id='word_1_22' title='bbox 1265 1155 1510 1203; x_wconf 80' lang='lat' dir='ltr'><strong>Scotorum</strong></span> <span class='ocrx_word' id='word_1_23' title='bbox 1550 1185 1559 1194; x_wconf 91' lang='lat'><strong>·</strong></span> <span class='ocrx_word' id='word_1_24' title='bbox 1599 1186 1608 1194; x_wconf 91' lang='lat'><strong>·</strong></span> <span class='ocrx_word' id='word_1_25' title='bbox 1647 1186 1656 1194; x_wconf 96' lang='lat'><em>-</em></span> <span class='ocrx_word' id='word_1_26' title='bbox 1694 1159 1866 1208; x_wconf 88' lang='lat' dir='ltr'>Sciatis</span> <span class='ocrx_word' id='word_1_27' title='bbox 1889 1159 2014 1223; x_wconf 88' lang='lat' dir='ltr'>quod</span> <span class='ocrx_word' id='word_1_28' title='bbox 2038 1179 2121 1224; x_wconf 93' lang='lat' dir='ltr'>pro</span> <span class='ocrx_word' id='word_1_29' title='bbox 2145 1179 2325 1211; x_wconf 89' lang='lat' dir='ltr'>summa</span> <span class='ocrx_word' id='word_1_30' title='bbox 2350 1166 2488 1212; x_wconf 88' lang='lat' dir='ltr'>deuo-</span> 
     </span>
     <span class='ocr_line' id='line_1_5' title="bbox 569 1234 2487 1312; baseline 0.009 -31"><span class='ocrx_word' id='word_1_31' title='bbox 569 1234 699 1282; x_wconf 90' lang='lat' dir='ltr'>tione</span> <span class='ocrx_word' id='word_1_32' title='bbox 735 1253 874 1299; x_wconf 91' lang='lat' dir='ltr'>quam</span> <span class='ocrx_word' id='word_1_33' title='bbox 916 1239 1141 1288; x_wconf 90' lang='lat' dir='ltr'>habemus</span> <span class='ocrx_word' id='word_1_34' title='bbox 1189 1243 1363 1291; x_wconf 88' lang='lat' dir='ltr'>Sancte</span> <span class='ocrx_word' id='word_1_35' title='bbox 1402 1249 1450 1292; x_wconf 91' lang='lat' dir='ltr'>et</span> <span class='ocrx_word' id='word_1_36' title='bbox 1491 1245 1740 1294; x_wconf 88' lang='lat' dir='ltr'>Indiuidue</span> <span class='ocrx_word' id='word_1_37' title='bbox 1783 1247 2003 1296; x_wconf 85' lang='lat' dir='ltr'>Trinitati</span> <span class='ocrx_word' id='word_1_38' title='bbox 2049 1254 2246 1312; x_wconf 89' lang='lat' dir='ltr'>patrono</span> <span class='ocrx_word' id='word_1_39' title='bbox 2294 1251 2487 1300; x_wconf 79' lang='lat' dir='ltr'>ecclesie</span> 
     </span>
     <span class='ocr_line' id='line_1_6' title="bbox 570 1325 2487 1402; baseline 0.009 -32"><span class='ocrx_word' id='word_1_40' title='bbox 570 1325 857 1374; x_wconf 89' lang='lat' dir='ltr'>cathedralis</span> <span class='ocrx_word' id='word_1_41' title='bbox 899 1328 1229 1379; x_wconf 90' lang='lat' dir='ltr'>Brechinensis</span> <span class='ocrx_word' id='word_1_42' title='bbox 1270 1336 1318 1379; x_wconf 90' lang='lat' dir='ltr'>et</span> <span class='ocrx_word' id='word_1_43' title='bbox 1361 1348 1446 1395; x_wconf 88' lang='lat' dir='ltr'>pro</span> <span class='ocrx_word' id='word_1_44' title='bbox 1486 1333 1707 1395; x_wconf 85' lang='lat' dir='ltr'>singulari</span> <span class='ocrx_word' id='word_1_45' title='bbox 1747 1335 1908 1383; x_wconf 89' lang='lat' dir='ltr'>fauore</span> <span class='ocrx_word' id='word_1_46' title='bbox 1949 1353 2086 1399; x_wconf 91' lang='lat' dir='ltr'>quem</span> <span class='ocrx_word' id='word_1_47' title='bbox 2128 1339 2333 1400; x_wconf 80' lang='lat' dir='ltr'>gerimus</span> <span class='ocrx_word' id='word_1_48' title='bbox 2379 1356 2487 1402; x_wconf 86' lang='lat' dir='ltr'>erga</span> 
     </span>
     <span class='ocr_line' id='line_1_7' title="bbox 570 1412 2485 1489; baseline 0.008 -30"><span class='ocrx_word' id='word_1_49' title='bbox 570 1412 794 1461; x_wconf 89' lang='lat' dir='ltr'>dilectum</span> <span class='ocrx_word' id='word_1_50' title='bbox 840 1415 1060 1464; x_wconf 90' lang='lat' dir='ltr'>clericum</span> <span class='ocrx_word' id='word_1_51' title='bbox 1107 1423 1317 1467; x_wconf 86' lang='lat' dir='ltr'>nostrum</span> <span class='ocrx_word' id='word_1_52' title='bbox 1366 1422 1636 1483; x_wconf 87' lang='lat' dir='ltr'>magistrum</span> <span class='ocrx_word' id='word_1_53' title='bbox 1683 1424 1923 1471; x_wconf 88' lang='lat' dir='ltr'>Andream</span> <span class='ocrx_word' id='word_1_54' title='bbox 1969 1425 2089 1472; x_wconf 89' lang='lat' dir='ltr'>Liell</span> <span class='ocrx_word' id='word_1_55' title='bbox 2129 1427 2485 1489; x_wconf 88' lang='lat' dir='ltr'>prebendarium</span> 
     </span>
     <span class='ocr_line' id='line_1_8' title="bbox 567 1503 2483 1572; baseline 0.008 -24"><span class='ocrx_word' id='word_1_56' title='bbox 567 1503 911 1564; x_wconf 85' lang='lat' dir='ltr'>pensionarium</span> <span class='ocrx_word' id='word_1_57' title='bbox 949 1506 1007 1552; x_wconf 92' lang='lat' dir='ltr'>de</span> <span class='ocrx_word' id='word_1_58' title='bbox 1045 1506 1248 1554; x_wconf 90' lang='lat' dir='ltr'>Brechin</span> <span class='ocrx_word' id='word_1_59' title='bbox 1286 1508 1405 1556; x_wconf 89' lang='lat' dir='ltr'>infra</span> <span class='ocrx_word' id='word_1_60' title='bbox 1438 1510 1696 1572; x_wconf 74' lang='lat' dir='ltr'>predictam</span> <span class='ocrx_word' id='word_1_61' title='bbox 1738 1511 1981 1560; x_wconf 91' lang='lat' dir='ltr'>ecclesiam</span> <span class='ocrx_word' id='word_1_62' title='bbox 2021 1514 2335 1562; x_wconf 75' lang='lat' dir='ltr'>cathedralem</span> <span class='ocrx_word' id='word_1_63' title='bbox 2370 1517 2483 1563; x_wconf 87' lang='lat' dir='ltr'>Bre-</span> 
     </span>
     <span class='ocr_line' id='line_1_9' title="bbox 567 1591 2481 1665; baseline 0.007 -27"><span class='ocrx_word' id='word_1_64' title='bbox 567 1591 837 1640; x_wconf 86' lang='lat' dir='ltr'>chinensem</span> <span class='ocrx_word' id='word_1_65' title='bbox 877 1593 1206 1643; x_wconf 87' lang='lat' dir='ltr'>Concessimus</span> <span class='ocrx_word' id='word_1_66' title='bbox 1240 1596 1435 1645; x_wconf 83' lang='lat' dir='ltr'>fecimus</span> <span class='ocrx_word' id='word_1_67' title='bbox 1469 1602 1518 1645; x_wconf 87' lang='lat' dir='ltr'>et</span> <span class='ocrx_word' id='word_1_68' title='bbox 1555 1599 1788 1647; x_wconf 78' lang='lat' dir='ltr'>ereximus</span> <span class='ocrx_word' id='word_1_69' title='bbox 1826 1604 1977 1648; x_wconf 86' lang='lat' dir='ltr'>terras</span> <span class='ocrx_word' id='word_1_70' title='bbox 2023 1602 2079 1647; x_wconf 91' lang='lat' dir='ltr'>de</span> <span class='ocrx_word' id='word_1_71' title='bbox 2128 1602 2481 1665; x_wconf 83' lang='lat' dir='ltr'>Redegothinys</span> 
     </span>
     <span class='ocr_line' id='line_1_10' title="bbox 565 1681 2476 1761; baseline 0.006 -34"><span class='ocrx_word' id='word_1_72' title='bbox 565 1697 675 1728; x_wconf 91' lang='lat' dir='ltr'>cum</span> <span class='ocrx_word' id='word_1_73' title='bbox 721 1681 1020 1744; x_wconf 87' lang='lat' dir='ltr'>pertinentiis</span> <span class='ocrx_word' id='word_1_74' title='bbox 1053 1684 1271 1745; x_wconf 87' lang='lat' dir='ltr'>jacentes</span> <span class='ocrx_word' id='word_1_75' title='bbox 1317 1685 1438 1732; x_wconf 87' lang='lat' dir='ltr'>infra</span> <span class='ocrx_word' id='word_1_76' title='bbox 1483 1686 1861 1734; x_wconf 87' lang='lat' dir='ltr'>vicecomitatum</span> <span class='ocrx_word' id='word_1_77' title='bbox 1906 1692 2113 1736; x_wconf 87' lang='lat' dir='ltr'>nostrum</span> <span class='ocrx_word' id='word_1_78' title='bbox 2149 1690 2207 1736; x_wconf 91' lang='lat' dir='ltr'>de</span> <span class='ocrx_word' id='word_1_79' title='bbox 2244 1691 2387 1738; x_wconf 87' lang='lat' dir='ltr'>Perth</span> <span class='ocrx_word' id='word_1_80' title='bbox 2430 1693 2476 1761; x_wconf 83' lang='lat' dir='ltr'>in</span> 
     </span>
     <span class='ocr_line' id='line_1_11' title="bbox 566 1766 2478 1837; baseline 0.005 -21"><span class='ocrx_word' id='word_1_81' title='bbox 566 1770 716 1817; x_wconf 89' lang='lat' dir='ltr'>libera</span> <span class='ocrx_word' id='word_1_82' title='bbox 755 1770 934 1818; x_wconf 87' lang='lat' dir='ltr'>foresta</span> <span class='ocrx_word' id='word_1_83' title='bbox 970 1771 1311 1835; x_wconf 88' lang='lat' dir='ltr'>imperpetuum</span> <span class='ocrx_word' id='word_1_84' title='bbox 1353 1766 1425 1820; x_wconf 68' lang='lat' dir='ltr'>als</span> <span class='ocrx_word' id='word_1_85' title='bbox 1461 1789 1521 1819; x_wconf 86' lang='lat' dir='ltr'>ex</span> <span class='ocrx_word' id='word_1_86' title='bbox 1559 1773 1694 1835; x_wconf 86' lang='lat' dir='ltr'>longo</span> <span class='ocrx_word' id='word_1_87' title='bbox 1729 1778 1939 1837; x_wconf 89' lang='lat' dir='ltr'>tempore</span> <span class='ocrx_word' id='word_1_88' title='bbox 1973 1780 2212 1825; x_wconf 87' lang='lat' dir='ltr'>transacto</span> <span class='ocrx_word' id='word_1_89' title='bbox 2253 1778 2388 1826; x_wconf 87' lang='lat' dir='ltr'>datas</span> <span class='ocrx_word' id='word_1_90' title='bbox 2429 1785 2478 1826; x_wconf 88' lang='lat' dir='ltr'>et</span> 
     </span>
     <span class='ocr_line' id='line_1_12' title="bbox 568 1860 2478 1927; baseline 0.005 -22"><span class='ocrx_word' id='word_1_91' title='bbox 568 1860 906 1907; x_wconf 85' lang='lat' dir='ltr'>admortizatas</span> <span class='ocrx_word' id='word_1_92' title='bbox 930 1860 1054 1907; x_wconf 84' lang='lat' dir='ltr'>dicte</span> <span class='ocrx_word' id='word_1_93' title='bbox 1087 1861 1323 1923; x_wconf 87' lang='lat' dir='ltr'>prebende</span> <span class='ocrx_word' id='word_1_94' title='bbox 1354 1861 1646 1924; x_wconf 90' lang='lat' dir='ltr'>pensionarie</span> <span class='ocrx_word' id='word_1_95' title='bbox 1673 1862 1729 1908; x_wconf 90' lang='lat' dir='ltr'>de</span> <span class='ocrx_word' id='word_1_96' title='bbox 1755 1862 1955 1910; x_wconf 88' lang='lat' dir='ltr'>Brechin</span> <span class='ocrx_word' id='word_1_97' title='bbox 1980 1867 2027 1911; x_wconf 91' lang='lat' dir='ltr'>et</span> <span class='ocrx_word' id='word_1_98' title='bbox 2052 1880 2171 1911; x_wconf 92' lang='lat' dir='ltr'>nunc</span> <span class='ocrx_word' id='word_1_99' title='bbox 2196 1882 2278 1927; x_wconf 86' lang='lat' dir='ltr'>per</span> <span class='ocrx_word' id='word_1_100' title='bbox 2303 1867 2478 1914; x_wconf 91' lang='lat' dir='ltr'>dictum</span> 
     </span>
     <span class='ocr_line' id='line_1_13' title="bbox 574 1949 2479 2016; baseline 0.003 -21"><span class='ocrx_word' id='word_1_101' title='bbox 574 1949 850 2010; x_wconf 86' lang='lat' dir='ltr'>Magistrum</span> <span class='ocrx_word' id='word_1_102' title='bbox 877 1950 1114 1996; x_wconf 87' lang='lat' dir='ltr'>Andream</span> <span class='ocrx_word' id='word_1_103' title='bbox 1140 1954 1188 1996; x_wconf 92' lang='lat' dir='ltr'>et</span> <span class='ocrx_word' id='word_1_104' title='bbox 1213 1966 1321 1998; x_wconf 91' lang='lat' dir='ltr'>suos</span> <span class='ocrx_word' id='word_1_105' title='bbox 1344 1951 1697 2013; x_wconf 86' lang='lat' dir='ltr'>predecessores</span> <span class='ocrx_word' id='word_1_106' title='bbox 1714 1951 2045 2013; x_wconf 90' lang='lat' dir='ltr'>prebendarios</span> <span class='ocrx_word' id='word_1_107' title='bbox 2069 1952 2270 2000; x_wconf 89' lang='lat' dir='ltr'>eiusdem</span> <span class='ocrx_word' id='word_1_108' title='bbox 2291 1955 2479 2016; x_wconf 85' lang='lat' dir='ltr'>pacifice</span> 
     </span>
     <span class='ocr_line' id='line_1_14' title="bbox 566 2038 2477 2105; baseline 0.003 -21"><span class='ocrx_word' id='word_1_109' title='bbox 566 2053 807 2100; x_wconf 85' lang='lat' dir='ltr'>possessas</span> <span class='ocrx_word' id='word_1_110' title='bbox 825 2041 873 2084; x_wconf 89' lang='lat' dir='ltr'>et</span> <span class='ocrx_word' id='word_1_111' title='bbox 889 2042 1147 2100; x_wconf 82' lang='lat' dir='ltr'>occupatas</span> <span class='ocrx_word' id='word_1_112' title='bbox 1165 2038 1339 2101; x_wconf 86' lang='lat' dir='ltr'>absque</span> <span class='ocrx_word' id='word_1_113' title='bbox 1360 2038 1691 2100; x_wconf 88' lang='lat' dir='ltr'>impedimento</span> <span class='ocrx_word' id='word_1_114' title='bbox 1708 2043 1790 2086; x_wconf 91' lang='lat' dir='ltr'>aut</span> <span class='ocrx_word' id='word_1_115' title='bbox 1809 2039 2049 2087; x_wconf 88' lang='lat' dir='ltr'>obstaculo</span> <span class='ocrx_word' id='word_1_116' title='bbox 2067 2041 2429 2105; x_wconf 89' lang='lat' dir='ltr'>quibuscumque</span> <span class='ocrx_word' id='word_1_117' title='bbox 2467 2072 2477 2080; x_wconf 89' lang='lat'><strong>·</strong></span> 
     </span>
     <span class='ocr_line' id='line_1_15' title="bbox 568 2126 2475 2192; baseline 0.003 -19"><span class='ocrx_word' id='word_1_118' title='bbox 568 2127 816 2174; x_wconf 90' lang='lat' dir='ltr'>Tenendas</span> <span class='ocrx_word' id='word_1_119' title='bbox 839 2129 889 2173; x_wconf 86' lang='lat' dir='ltr'>et</span> <span class='ocrx_word' id='word_1_120' title='bbox 913 2126 1153 2174; x_wconf 89' lang='lat' dir='ltr'>habendas</span> <span class='ocrx_word' id='word_1_121' title='bbox 1177 2126 1412 2188; x_wconf 87' lang='lat' dir='ltr'>predictas</span> <span class='ocrx_word' id='word_1_122' title='bbox 1435 2131 1587 2174; x_wconf 89' lang='lat' dir='ltr'>terras</span> <span class='ocrx_word' id='word_1_123' title='bbox 1622 2127 1679 2173; x_wconf 91' lang='lat' dir='ltr'>de</span> <span class='ocrx_word' id='word_1_124' title='bbox 1717 2127 2067 2190; x_wconf 86' lang='lat' dir='ltr'>Redegothinys</span> <span class='ocrx_word' id='word_1_125' title='bbox 2101 2144 2204 2175; x_wconf 91' lang='lat' dir='ltr'>cum</span> <span class='ocrx_word' id='word_1_126' title='bbox 2241 2132 2475 2192; x_wconf 88' lang='lat' dir='ltr'>pertinen-</span> 
     </span>
     <span class='ocr_line' id='line_1_16' title="bbox 565 2214 2476 2278; baseline 0.001 -15"><span class='ocrx_word' id='word_1_127' title='bbox 565 2216 647 2263; x_wconf 88' lang='lat' dir='ltr'>tiis</span> <span class='ocrx_word' id='word_1_128' title='bbox 671 2214 742 2262; x_wconf 67' lang='lat' dir='ltr'>ais</span> <span class='ocrx_word' id='word_1_129' title='bbox 765 2219 818 2262; x_wconf 91' lang='lat' dir='ltr'>ut</span> <span class='ocrx_word' id='word_1_130' title='bbox 843 2214 1134 2277; x_wconf 87' lang='lat' dir='ltr'>premittitur</span> <span class='ocrx_word' id='word_1_131' title='bbox 1157 2216 1293 2261; x_wconf 87' lang='lat' dir='ltr'>datas</span> <span class='ocrx_word' id='word_1_132' title='bbox 1317 2219 1365 2261; x_wconf 88' lang='lat' dir='ltr'>et</span> <span class='ocrx_word' id='word_1_133' title='bbox 1389 2215 1722 2262; x_wconf 84' lang='lat' dir='ltr'>admortizatas</span> <span class='ocrx_word' id='word_1_134' title='bbox 1746 2215 1872 2263; x_wconf 91' lang='lat' dir='ltr'>dicto</span> <span class='ocrx_word' id='word_1_135' title='bbox 1899 2216 2125 2278; x_wconf 85' lang='lat' dir='ltr'>Magistro</span> <span class='ocrx_word' id='word_1_136' title='bbox 2145 2219 2331 2265; x_wconf 87' lang='lat' dir='ltr'>Andree</span> <span class='ocrx_word' id='word_1_137' title='bbox 2357 2219 2476 2266; x_wconf 88' lang='lat' dir='ltr'>Liell</span> 
     </span>
     <span class='ocr_line' id='line_1_17' title="bbox 565 2302 2471 2366; baseline 0.001 -14"><span class='ocrx_word' id='word_1_138' title='bbox 565 2312 614 2352; x_wconf 82' lang='lat' dir='ltr'>et</span> <span class='ocrx_word' id='word_1_139' title='bbox 652 2303 1000 2352; x_wconf 89' lang='lat' dir='ltr'>successoribus</span> <span class='ocrx_word' id='word_1_140' title='bbox 1038 2303 1134 2351; x_wconf 88' lang='lat' dir='ltr'>suis</span> <span class='ocrx_word' id='word_1_141' title='bbox 1163 2302 1483 2364; x_wconf 89' lang='lat' dir='ltr'>prebendariis</span> <span class='ocrx_word' id='word_1_142' title='bbox 1519 2303 1643 2350; x_wconf 91' lang='lat' dir='ltr'>dicte</span> <span class='ocrx_word' id='word_1_143' title='bbox 1680 2303 1912 2365; x_wconf 88' lang='lat' dir='ltr'>prebende</span> <span class='ocrx_word' id='word_1_144' title='bbox 1950 2304 2239 2366; x_wconf 86' lang='lat' dir='ltr'>pensionarie</span> <span class='ocrx_word' id='word_1_145' title='bbox 2274 2306 2332 2353; x_wconf 91' lang='lat' dir='ltr'>de</span> <span class='ocrx_word' id='word_1_146' title='bbox 2358 2307 2471 2353; x_wconf 89' lang='lat' dir='ltr'>Bre-</span> 
     </span>
     <span class='ocr_line' id='line_1_18' title="bbox 562 2390 2472 2456; baseline 0.001 -16"><span class='ocrx_word' id='word_1_147' title='bbox 562 2394 673 2440; x_wconf 89' lang='lat' dir='ltr'>chin</span> <span class='ocrx_word' id='word_1_148' title='bbox 714 2394 771 2439; x_wconf 92' lang='lat' dir='ltr'>de</span> <span class='ocrx_word' id='word_1_149' title='bbox 811 2391 947 2439; x_wconf 91' lang='lat' dir='ltr'>nobis</span> <span class='ocrx_word' id='word_1_150' title='bbox 986 2395 1035 2438; x_wconf 87' lang='lat' dir='ltr'>et</span> <span class='ocrx_word' id='word_1_151' title='bbox 1072 2391 1416 2439; x_wconf 88' lang='lat' dir='ltr'>successoribus</span> <span class='ocrx_word' id='word_1_152' title='bbox 1453 2391 1626 2438; x_wconf 87' lang='lat' dir='ltr'>nostris</span> <span class='ocrx_word' id='word_1_153' title='bbox 1666 2391 1713 2437; x_wconf 89' lang='lat' dir='ltr'>in</span> <span class='ocrx_word' id='word_1_154' title='bbox 1754 2390 1901 2438; x_wconf 87' lang='lat' dir='ltr'>libera</span> <span class='ocrx_word' id='word_1_155' title='bbox 1935 2392 2110 2440; x_wconf 87' lang='lat' dir='ltr'>foresta</span> <span class='ocrx_word' id='word_1_156' title='bbox 2133 2393 2472 2456; x_wconf 89' lang='lat' dir='ltr'>imperpetuum</span> 
     </span>
     <span class='ocr_line' id='line_1_19' title="bbox 564 2479 2475 2547; baseline -0.001 -17"><span class='ocrx_word' id='word_1_157' title='bbox 564 2500 648 2547; x_wconf 86' lang='lat' dir='ltr'>per</span> <span class='ocrx_word' id='word_1_158' title='bbox 686 2497 849 2530; x_wconf 90' lang='lat' dir='ltr'>omnes</span> <span class='ocrx_word' id='word_1_159' title='bbox 886 2484 1041 2527; x_wconf 89' lang='lat' dir='ltr'>rectas</span> <span class='ocrx_word' id='word_1_160' title='bbox 1076 2483 1226 2527; x_wconf 88' lang='lat' dir='ltr'>metas</span> <span class='ocrx_word' id='word_1_161' title='bbox 1260 2494 1370 2527; x_wconf 90' lang='lat' dir='ltr'>suas</span> <span class='ocrx_word' id='word_1_162' title='bbox 1393 2480 1611 2542; x_wconf 88' lang='lat' dir='ltr'>antiquas</span> <span class='ocrx_word' id='word_1_163' title='bbox 1648 2506 1658 2515; x_wconf 94' lang='lat'><em>·</em></span> <span class='ocrx_word' id='word_1_164' title='bbox 1695 2506 1706 2515; x_wconf 82' lang='lat'><em>-</em></span> <span class='ocrx_word' id='word_1_165' title='bbox 1746 2506 1755 2515; x_wconf 92' lang='lat'><strong>·</strong></span> <span class='ocrx_word' id='word_1_166' title='bbox 1792 2479 1909 2526; x_wconf 89' lang='lat' dir='ltr'>Cum</span> <span class='ocrx_word' id='word_1_167' title='bbox 1945 2479 2085 2527; x_wconf 88' lang='lat' dir='ltr'>curiis</span> <span class='ocrx_word' id='word_1_168' title='bbox 2119 2484 2167 2527; x_wconf 89' lang='lat' dir='ltr'>et</span> <span class='ocrx_word' id='word_1_169' title='bbox 2202 2496 2358 2528; x_wconf 88' lang='lat' dir='ltr'>earum</span> <span class='ocrx_word' id='word_1_170' title='bbox 2394 2498 2475 2528; x_wconf 84' lang='lat' dir='ltr'>ex-</span> 
     </span>
     <span class='ocr_line' id='line_1_20' title="bbox 563 2566 2499 2640; baseline -0.002 -20"><span class='ocrx_word' id='word_1_171' title='bbox 563 2573 707 2620; x_wconf 91' lang='lat' dir='ltr'>itibus</span> <span class='ocrx_word' id='word_1_172' title='bbox 730 2569 1106 2618; x_wconf 84' lang='lat' dir='ltr'>amer-ciamentis</span> <span class='ocrx_word' id='word_1_173' title='bbox 1130 2571 1178 2614; x_wconf 88' lang='lat' dir='ltr'>et</span> <span class='ocrx_word' id='word_1_174' title='bbox 1202 2567 1417 2630; x_wconf 85' lang='lat' dir='ltr'>proficuis</span> <span class='ocrx_word' id='word_1_175' title='bbox 1451 2567 1815 2629; x_wconf 88' lang='lat' dir='ltr'>quibuscumque</span> <span class='ocrx_word' id='word_1_176' title='bbox 1851 2566 1966 2613; x_wconf 89' lang='lat' dir='ltr'>Cum</span> <span class='ocrx_word' id='word_1_177' title='bbox 1991 2567 2212 2615; x_wconf 88' lang='lat' dir='ltr'>viridibus</span> <span class='ocrx_word' id='word_1_178' title='bbox 2235 2569 2499 2640; x_wconf 32' lang='lat' dir='ltr'>arboribus·</span> 
     </span>
     <span class='ocr_line' id='line_1_21' title="bbox 563 2654 2474 2717; baseline -0.003 -8"><span class='ocrx_word' id='word_1_179' title='bbox 563 2667 611 2708; x_wconf 90' lang='lat' dir='ltr'>et</span> <span class='ocrx_word' id='word_1_180' title='bbox 635 2660 880 2708; x_wconf 87' lang='lat' dir='ltr'>venatione</span> <span class='ocrx_word' id='word_1_181' title='bbox 907 2656 1125 2704; x_wconf 89' lang='lat' dir='ltr'>videlicet</span> <span class='ocrx_word' id='word_1_182' title='bbox 1151 2657 1218 2702; x_wconf 92' lang='lat' dir='ltr'>Le</span> <span class='ocrx_word' id='word_1_183' title='bbox 1245 2659 1344 2702; x_wconf 86' lang='lat' dir='ltr'>vert</span> <span class='ocrx_word' id='word_1_184' title='bbox 1375 2659 1424 2702; x_wconf 86' lang='lat' dir='ltr'>et</span> <span class='ocrx_word' id='word_1_185' title='bbox 1459 2670 1694 2717; x_wconf 82' lang='lat' dir='ltr'>venysoun</span> <span class='ocrx_word' id='word_1_186' title='bbox 1718 2658 1766 2701; x_wconf 90' lang='lat' dir='ltr'>et</span> <span class='ocrx_word' id='word_1_187' title='bbox 1790 2654 2020 2702; x_wconf 88' lang='lat' dir='ltr'>eschaetis</span> <span class='ocrx_word' id='word_1_188' title='bbox 2054 2655 2149 2702; x_wconf 90' lang='lat' dir='ltr'>suis</span> <span class='ocrx_word' id='word_1_189' title='bbox 2169 2671 2225 2702; x_wconf 87' lang='lat' dir='ltr'>ac</span> <span class='ocrx_word' id='word_1_190' title='bbox 2250 2672 2354 2703; x_wconf 93' lang='lat' dir='ltr'>cum</span> <span class='ocrx_word' id='word_1_191' title='bbox 2378 2673 2474 2704; x_wconf 92' lang='lat' dir='ltr'>om-</span> 
     </span>
     <span class='ocr_line' id='line_1_22' title="bbox 561 2741 2469 2807; baseline -0.003 -9"><span class='ocrx_word' id='word_1_192' title='bbox 561 2751 699 2798; x_wconf 91' lang='lat' dir='ltr'>nibus</span> <span class='ocrx_word' id='word_1_193' title='bbox 722 2747 828 2795; x_wconf 89' lang='lat' dir='ltr'>aliis</span> <span class='ocrx_word' id='word_1_194' title='bbox 861 2750 910 2794; x_wconf 84' lang='lat' dir='ltr'>et</span> <span class='ocrx_word' id='word_1_195' title='bbox 941 2744 1132 2807; x_wconf 84' lang='lat' dir='ltr'>singulis</span> <span class='ocrx_word' id='word_1_196' title='bbox 1167 2743 1420 2806; x_wconf 86' lang='lat' dir='ltr'>priuilegiis</span> <span class='ocrx_word' id='word_1_197' title='bbox 1450 2742 1750 2790; x_wconf 89' lang='lat' dir='ltr'>libertatibus</span> <span class='ocrx_word' id='word_1_198' title='bbox 1786 2770 1796 2779; x_wconf 93' lang='lat'><strong>·</strong></span> <span class='ocrx_word' id='word_1_199' title='bbox 1835 2770 1844 2779; x_wconf 94' lang='lat'><strong>·</strong></span> <span class='ocrx_word' id='word_1_200' title='bbox 1883 2769 1893 2779; x_wconf 90' lang='lat'><strong>·</strong></span> <span class='ocrx_word' id='word_1_201' title='bbox 1929 2743 1988 2789; x_wconf 90' lang='lat' dir='ltr'>ad</span> <span class='ocrx_word' id='word_1_202' title='bbox 2023 2741 2216 2790; x_wconf 84' lang='lat' dir='ltr'>liberam</span> <span class='ocrx_word' id='word_1_203' title='bbox 2250 2744 2469 2792; x_wconf 87' lang='lat' dir='ltr'>forestam</span> 
     </span>
     <span class='ocr_line' id='line_1_23' title="bbox 563 2829 2470 2902; baseline -0.004 -15"><span class='ocrx_word' id='word_1_204' title='bbox 563 2836 888 2902; x_wconf 86' lang='lat' dir='ltr'>spectantibus</span> <span class='ocrx_word' id='word_1_205' title='bbox 925 2862 934 2872; x_wconf 93' lang='lat'><strong>·</strong></span> <span class='ocrx_word' id='word_1_206' title='bbox 975 2862 983 2870; x_wconf 92' lang='lat'><strong>·</strong></span> <span class='ocrx_word' id='word_1_207' title='bbox 1023 2861 1032 2870; x_wconf 92' lang='lat'><em>-</em></span> <span class='ocrx_word' id='word_1_208' title='bbox 1071 2833 1135 2879; x_wconf 86' lang='lat' dir='ltr'>Et</span> <span class='ocrx_word' id='word_1_209' title='bbox 1171 2833 1288 2878; x_wconf 89' lang='lat' dir='ltr'>adeo</span> <span class='ocrx_word' id='word_1_210' title='bbox 1325 2830 1468 2878; x_wconf 88' lang='lat' dir='ltr'>libere</span> <span class='ocrx_word' id='word_1_211' title='bbox 1506 2858 1516 2867; x_wconf 79' lang='lat'><em>·</em></span> <span class='ocrx_word' id='word_1_212' title='bbox 1556 2858 1564 2867; x_wconf 94' lang='lat'>-</span> <span class='ocrx_word' id='word_1_213' title='bbox 1604 2857 1614 2867; x_wconf 87' lang='lat'>·</span> <span class='ocrx_word' id='word_1_214' title='bbox 1649 2830 1770 2878; x_wconf 85' lang='lat' dir='ltr'>sicut</span> <span class='ocrx_word' id='word_1_215' title='bbox 1805 2829 1958 2892; x_wconf 91' lang='lat' dir='ltr'>alique</span> <span class='ocrx_word' id='word_1_216' title='bbox 1982 2834 2106 2877; x_wconf 90' lang='lat' dir='ltr'>terre</span> <span class='ocrx_word' id='word_1_217' title='bbox 2140 2830 2260 2878; x_wconf 88' lang='lat' dir='ltr'>infra</span> <span class='ocrx_word' id='word_1_218' title='bbox 2283 2847 2470 2894; x_wconf 86' lang='lat' dir='ltr'>regnum</span> 
     </span>
     <span class='ocr_line' id='line_1_24' title="bbox 564 2917 2472 2979; baseline -0.005 -3"><span class='ocrx_word' id='word_1_219' title='bbox 564 2927 724 2976; x_wconf 88' lang='lat' dir='ltr'>Scotie</span> <span class='ocrx_word' id='word_1_220' title='bbox 760 2925 808 2971; x_wconf 92' lang='lat' dir='ltr'>in</span> <span class='ocrx_word' id='word_1_221' title='bbox 842 2922 1002 2970; x_wconf 90' lang='lat' dir='ltr'>liberis</span> <span class='ocrx_word' id='word_1_222' title='bbox 1023 2920 1211 2968; x_wconf 85' lang='lat' dir='ltr'>forestis</span> <span class='ocrx_word' id='word_1_223' title='bbox 1239 2919 1557 2967; x_wconf 87' lang='lat' dir='ltr'>conceduntur</span> <span class='ocrx_word' id='word_1_224' title='bbox 1579 2922 1662 2964; x_wconf 88' lang='lat' dir='ltr'>aut</span> <span class='ocrx_word' id='word_1_225' title='bbox 1684 2917 1923 2979; x_wconf 87' lang='lat' dir='ltr'>eriguntur</span> <span class='ocrx_word' id='word_1_226' title='bbox 1960 2945 1969 2954; x_wconf 92' lang='lat'>-</span> <span class='ocrx_word' id='word_1_227' title='bbox 2009 2945 2019 2954; x_wconf 91' lang='lat'><strong>·</strong></span> <span class='ocrx_word' id='word_1_228' title='bbox 2058 2945 2067 2954; x_wconf 88' lang='lat'><strong>·</strong></span> <span class='ocrx_word' id='word_1_229' title='bbox 2103 2933 2158 2964; x_wconf 85' lang='lat' dir='ltr'>ac</span> <span class='ocrx_word' id='word_1_230' title='bbox 2181 2919 2279 2966; x_wconf 90' lang='lat' dir='ltr'>sine</span> <span class='ocrx_word' id='word_1_231' title='bbox 2303 2920 2472 2967; x_wconf 85' lang='lat' dir='ltr'>retine-</span> 
     </span>
     <span class='ocr_line' id='line_1_25' title="bbox 561 3005 2472 3071; baseline -0.005 -8"><span class='ocrx_word' id='word_1_232' title='bbox 561 3019 722 3063; x_wconf 85' lang='lat' dir='ltr'>mento</span> <span class='ocrx_word' id='word_1_233' title='bbox 741 3017 823 3061; x_wconf 88' lang='lat' dir='ltr'>aut</span> <span class='ocrx_word' id='word_1_234' title='bbox 842 3010 1145 3059; x_wconf 86' lang='lat' dir='ltr'>reuocacione</span> <span class='ocrx_word' id='word_1_235' title='bbox 1161 3022 1448 3071; x_wconf 91' lang='lat' dir='ltr'>quacumque</span> <span class='ocrx_word' id='word_1_236' title='bbox 1476 3033 1486 3042; x_wconf 88' lang='lat'><strong>·</strong></span> <span class='ocrx_word' id='word_1_237' title='bbox 1510 3005 1737 3052; x_wconf 86' lang='lat' dir='ltr'>ffaciendo</span> <span class='ocrx_word' id='word_1_238' title='bbox 1753 3005 1859 3052; x_wconf 90' lang='lat' dir='ltr'>inde</span> <span class='ocrx_word' id='word_1_239' title='bbox 1873 3006 2111 3052; x_wconf 88' lang='lat' dir='ltr'>annuatim</span> <span class='ocrx_word' id='word_1_240' title='bbox 2127 3006 2280 3054; x_wconf 91' lang='lat' dir='ltr'>dictus</span> <span class='ocrx_word' id='word_1_241' title='bbox 2299 3007 2472 3069; x_wconf 86' lang='lat' dir='ltr'>Magis·</span> 
     </span>
     <span class='ocr_line' id='line_1_26' title="bbox 561 3092 2469 3156; baseline -0.006 -4"><span class='ocrx_word' id='word_1_242' title='bbox 561 3111 636 3153; x_wconf 85' lang='lat' dir='ltr'>ter</span> <span class='ocrx_word' id='word_1_243' title='bbox 661 3103 876 3150; x_wconf 91' lang='lat' dir='ltr'>Andreas</span> <span class='ocrx_word' id='word_1_244' title='bbox 902 3098 1022 3146; x_wconf 88' lang='lat' dir='ltr'>Liell</span> <span class='ocrx_word' id='word_1_245' title='bbox 1047 3103 1094 3145; x_wconf 91' lang='lat' dir='ltr'>et</span> <span class='ocrx_word' id='word_1_246' title='bbox 1119 3097 1189 3145; x_wconf 91' lang='lat' dir='ltr'>sui</span> <span class='ocrx_word' id='word_1_247' title='bbox 1213 3110 1504 3143; x_wconf 86' lang='lat' dir='ltr'>successores</span> <span class='ocrx_word' id='word_1_248' title='bbox 1534 3093 1827 3156; x_wconf 86' lang='lat' dir='ltr'>prebendarii</span> <span class='ocrx_word' id='word_1_249' title='bbox 1862 3092 2142 3155; x_wconf 88' lang='lat' dir='ltr'>pensionarii</span> <span class='ocrx_word' id='word_1_250' title='bbox 2177 3094 2234 3140; x_wconf 87' lang='lat' dir='ltr'>de</span> <span class='ocrx_word' id='word_1_251' title='bbox 2271 3094 2469 3141; x_wconf 88' lang='lat' dir='ltr'>Brechin</span> 
     </span>
     <span class='ocr_line' id='line_1_27' title="bbox 562 3179 2472 3256; baseline -0.007 -15"><span class='ocrx_word' id='word_1_252' title='bbox 562 3210 647 3256; x_wconf 87' lang='lat' dir='ltr'>pto</span> <span class='ocrx_word' id='word_1_253' title='bbox 681 3190 816 3238; x_wconf 89' lang='lat' dir='ltr'>nobis</span> <span class='ocrx_word' id='word_1_254' title='bbox 854 3192 902 3235; x_wconf 89' lang='lat' dir='ltr'>et</span> <span class='ocrx_word' id='word_1_255' title='bbox 940 3185 1285 3235; x_wconf 85' lang='lat' dir='ltr'>successoribus</span> <span class='ocrx_word' id='word_1_256' title='bbox 1318 3182 1491 3230; x_wconf 90' lang='lat' dir='ltr'>nostris</span> <span class='ocrx_word' id='word_1_257' title='bbox 1524 3181 1786 3229; x_wconf 87' lang='lat' dir='ltr'>orationum</span> <span class='ocrx_word' id='word_1_258' title='bbox 1820 3179 2040 3241; x_wconf 86' lang='lat' dir='ltr'>suffragia</span> <span class='ocrx_word' id='word_1_259' title='bbox 2069 3180 2345 3227; x_wconf 89' lang='lat' dir='ltr'>deuotarum</span> <span class='ocrx_word' id='word_1_260' title='bbox 2369 3186 2472 3229; x_wconf 89' lang='lat' dir='ltr'>tan-</span> 
     </span>
     <span class='ocr_line' id='line_1_28' title="bbox 561 3268 2467 3333; baseline -0.007 -4"><span class='ocrx_word' id='word_1_261' title='bbox 561 3289 663 3331; x_wconf 77' lang='lat' dir='ltr'>tum</span> <span class='ocrx_word' id='word_1_262' title='bbox 704 3308 713 3317; x_wconf 90' lang='lat'><strong>·</strong></span> <span class='ocrx_word' id='word_1_263' title='bbox 752 3280 810 3325; x_wconf 91' lang='lat' dir='ltr'>In</span> <span class='ocrx_word' id='word_1_264' title='bbox 836 3277 981 3324; x_wconf 90' lang='lat' dir='ltr'>Cuius</span> <span class='ocrx_word' id='word_1_265' title='bbox 1009 3276 1045 3321; x_wconf 70' lang='grc' dir='ltr'><strong><em>Ιῖ</em></strong></span> <span class='ocrx_word' id='word_1_266' title='bbox 1055 3275 1098 3322; x_wconf 88' lang='lat' dir='ltr'>ei</span> <span class='ocrx_word' id='word_1_267' title='bbox 1122 3271 1439 3321; x_wconf 89' lang='lat' dir='ltr'>testimonium</span> <span class='ocrx_word' id='word_1_268' title='bbox 1465 3269 1671 3333; x_wconf 89' lang='lat' dir='ltr'>presenti</span> <span class='ocrx_word' id='word_1_269' title='bbox 1690 3272 1819 3316; x_wconf 87' lang='lat' dir='ltr'>carte</span> <span class='ocrx_word' id='word_1_270' title='bbox 1843 3271 2001 3316; x_wconf 88' lang='lat' dir='ltr'>nostre</span> <span class='ocrx_word' id='word_1_271' title='bbox 2021 3283 2232 3329; x_wconf 87' lang='lat' dir='ltr'>magnum</span> <span class='ocrx_word' id='word_1_272' title='bbox 2259 3268 2467 3331; x_wconf 87' lang='lat' dir='ltr'>Sigillum</span> 
     </span>
    </p>
   </div>
  </div>
 </body>
</html>
