2950 3970
546 612 653 669 170
720 612 1185 668 REGISTRUM
1221 613 1760 670 EPISCOPATUS
1801 614 2396 671 BRECHINENSIS.

541 803 646 861 tate
685 800 765 847 ubi
803 800 1025 864 episcopo
1061 801 1209 864 magis
1256 801 1492 850 videbitur
1537 802 1796 866 expediens
1844 804 1903 851 de
1950 804 2185 852 omnibus·
2212 803 2485 852 mercantiis

545 893 594 937 et
637 889 919 938 mercandiis
959 905 1042 937 seu
1083 890 1399 938 mercimoniis
1428 890 1804 954 quibuscumque
1820 890 2013 940 ¹scilicet
2048 891 2161 940 lana
2196 891 2399 956 pellibus
2437 896 2486 939 et

544 977 710 1026 corriis
730 982 779 1025 et
798 977 1167 1041 quibuscumque
1186 978 1323 1026 bonis
1339 994 1425 1041 per
1442 993 1761 1042 quoscumque
1779 983 1830 1027 et
1847 980 2265 1044 assquibuscumque
2284 981 2489 1028 indicta

544 1066 742 1114 ciuitate
771 1066 936 1115 diebus
960 1066 1209 1115 dominicis
1243 1067 1454 1125 emendis
1473 1072 1542 1116 :et
1568 1065 1837 1123 vendendis
1876 1096 1887 1107 ·
1925 1069 1990 1116 Et
2029 1070 2155 1133 quod
2193 1070 2323 1118 ciues
2362 1070 2488 1118 dicte

546 1155 758 1203 ciuitatis
780 1171 838 1202 ac
862 1155 1143 1219 quicumque-
1167 1155 1249 1203 alii
1274 1151 1608 1219 cuiuscumque
1632 1160 1788 1205 status
1811 1161 1894 1206 aut
1919 1157 2204 1207 conditionis
2226 1158 2321 1206 sint
2343 1157 2490 1206 facul-

544 1248 696 1291 tatem
743 1243 1020 1306 plenariam.
1050 1243 1258 1291 habeant
1303 1239 1537 1318 vendendi
1583 1244 1812 1293 omnibus·
1847 1245 2014 1294 diebus
2067 1246 2315 1294 dominicis
2361 1245 2491 1293 dicta-

545 1332 670 1380 bona
693 1333 742 1379 et
767 1332 1059 1395 quecumque
1083 1331 1389 1379 mercimonia
1425 1332 1497 1379 ad
1523 1332 1699 1380 dictam
1718 1331 1970 1380 ciuitatem
2005 1334 2245 1382 venientia
2268 1350 2330 1382 ex
2350 1333 2492 1381 liber-

546 1425 649 1468 tate
685 1437 772 1470 usu
809 1425 859 1480 et
895 1420 1128 1469 exercitio
1164 1424 1213 1468 et
1248 1420 1532 1469 executione
1566 1420 1656 1468 fori
1692 1410 1897 1484 predicti
1935 1449 1946 1459 ·
1982 1422 2298 1470 Mtercimonia
2328 1427 2493 1471 ¹tamen

547 1510 731 1559 scilicet
783 1509 940 1557 lanam
999 1508 1147 1572 pelles
1193 1509 1348 1557 corria
1393 1514 1442 1557 et
1490 1508 1777 1558 consimilia¹
1811 1511 2154 1559 mercatoribus
2202 1499 2492 1575 pertinentia

548 1602 761 1647 ementes
794 1598 890 1646 sint
926 1597 1063 1645 liberi
1099 1597 1230 1645 ciues
1263 1597 1387 1645 tenti
1425 1602 1475 1645 et
1513 1597 1665 1646 habiti
1689 1599 1796 1645 cum
1820 1602 1960 1647 trono
1999 1603 2048 1647 et
2086 1600 2388 1649 custumariis
2410 1617 2495 1664 per

547 1703 634 1735 nos
658 1686 705 1733 in
731 1686 862 1734 dicta
884 1686 1082 1733 ciuitate
1107 1684 1346 1748 elegendis
1385 1714 1394 1724 ·
1432 1685 1670 1733 Soluendo
1704 1686 1841 1734 nobis
1864 1687 2118 1736 heredibus
2140 1692 2190 1736 et
2214 1689 2494 1738 successori-

550 1777 637 1824 bus
674 1775 849 1834 nostris
884 1779 1126 1823 custumas
1170 1778 1271 1822 tam
1306 1774 1509 1823 maiores
1543 1790 1685 1838 quam
1720 1775 1925 1824 minores
1973 1776 2159 1824 debitas
2205 1781 2255 1824 et
2301 1792 2496 1825 consue-

548 1870 625 1913 tas
649 1880 756 1912 cum
781 1863 1163 1927 quibuscumque·
1192 1862 1338 1910 etiam
1377 1862 1695 1911 mercimoniis
1719 1863 1930 1926 prefatos
1967 1863 2140 1912 liberos
2169 1864 2298 1913 ciues
2320 1866 2493 1913 habere

550 1933 750 2000 liberum
787 1951 1034 2000 introitum
1075 1955 1124 1998 et
1161 1951 1344 1998 exitum
1381 1965 1488 1998 cum
1523 1951 1725 1999 nauibus
1752 1951 1972 2000 fercostis
2007 1955 2057 2000 et
2091 1952 2282 2001 batellis
2305 1955 2495 2017 quibus-

552 2057 751 2104 cumque
775 2041 873 2089 suis
893 2039 1099 2103 propriis
1122 2043 1171 2087 et
1195 2038 1363 2087 alienis
1386 2039 1435 2085 in
1459 2039 1596 2102 aquis
1620 2040 1678 2086 de
1697 2039 1907 2087 Suthesk
1932 2043 1980 2087 et
2006 2040 2110 2103 Tay
2135 2045 2183 2087 et
2208 2041 2255 2088 in
2279 2043 2495 2104 portibus

553 2133 611 2178 de
636 2131 878 2192 Strunnay
902 2132 951 2175 et
980 2129 1282 2190 Pauchporte
1318 2131 1368 2175 et
1404 2127 1453 2173 in
1487 2126 1707 2175 omnibus
1745 2127 1960 2190 portibus
1995 2128 2230 2176 dictarum
2268 2131 2495 2193 aquarum

556 2219 774 2283 quotiens
792 2217 1019 2281 predictis
1038 2216 1221 2264 ciuibus
1239 2216 1476 2264 videbitur
1494 2215 1755 2279 expediens
1772 2215 1847 2263 vel
1867 2220 2181 2279 opportunum
2218 2245 2229 2255 ·
2267 2218 2496 2266 Concedi-

554 2324 659 2356 mus
682 2307 873 2371 insuper
897 2305 1026 2352 dicto
1048 2305 1083 2351 J
1087 2304 1260 2351 ohanni
1285 2303 1508 2367 episcopo
1545 2289 1614 2351 et*
1635 2304 1732 2352 suis
1768 2305 2118 2354 successoribus
2152 2305 2495 2370 imperpetuum

555 2413 641 2461 pro
663 2396 800 2444 nobis
822 2399 871 2442 et
897 2393 1246 2442 successoribus
1270 2392 1447 2440 nostris
1484 2419 1495 2429 ·
1533 2392 1636 2439 Iter
1660 2392 1917 2440 camerarie
1955 2392 2004 2440 in
2032 2393 2235 2442 ciuitate
2271 2395 2498 2442 Brechin-

556 2485 657 2534 ensi
693 2485 867 2532 habere
905 2487 955 2530 et
993 2482 1149 2530 curias
1187 2480 1472 2529 camerarias
1511 2496 1653 2544 super
1689 2497 1852 2529 omnes
1887 2481 2041 2531 dictos
2074 2481 2250 2531 liberos
2284 2483 2414 2532 ciues
2449 2489 2498 2532 et

559 2589 722 2623 omnes
743 2572 978 2636 prefatam
1003 2569 1250 2617 ciuitatem
1273 2569 1598 2617 inhabitantes
1621 2569 1841 2632 quotiens
1875 2574 1925 2617 et
1961 2571 2150 2633 quando
2173 2571 2394 2634 episcopo
2418 2573 2498 2635 qui

557 2679 643 2727 pro
683 2666 897 2724 tempore
935 2658 1079 2706 fuerit
1118 2656 1354 2720 placuerit
1391 2661 1558 2704 tenere
1598 2640 1705 2704 cum
1752 2658 2073 2720 predictorum
2119 2659 2500 2708 amerciamentis

558 2752 686 2799 dicto
731 2750 764 2796 J
769 2747 943 2806 ohanni
994 2746 1221 2810 episcopo
1267 2749 1317 2793 et
1361 2745 1460 2793 suis
1505 2745 1854 2793 successoribus
1911 2746 1958 2793 in
2018 2747 2279 2796 Itineribus
2336 2753 2498 2797 nostre

559 2837 816 2888 camerarie
861 2835 964 2884 fieri
1009 2834 1250 2883 consuetis
1289 2861 1310 2872 -·
1358 2834 1425 2881 Et
1471 2832 1689 2881 nolumus
1735 2834 1859 2896 quod
1907 2834 2036 2882 ciues
2079 2839 2164 2882 aut
2219 2835 2499 2900 quicumque

562 2929 644 2977 alii
690 2943 776 2991 pro
822 2923 1059 2988 emptione
1115 2938 1223 2970 seu’
1255 2921 1526 2970 venditione
1573 2936 1972 2985 quorumcumque
2026 2922 2196 2972 diebus
2252 2924 2500 2973 dominicis

562 3019 611 3064 in
658 3016 788 3063 dicta
831 3013 1032 3062 ciuitate
1077 3026 1163 3074 per
1206 3011 1542 3074 quoscumque
1572 3013 1766 3058 nostros
1809 3010 2051 3059 ministros
2103 3015 2192 3060 aut
2250 3013 2500 3061 officiarios

507 3118 514 3124 ·
564 3106 626 3153 ad
665 3103 993 3167 quodcumque
1030 3100 1130 3148 xiter
1167 3097 1442 3146 camerarie
1475 3101 1642 3146 =nostre
1689 3101 1983 3157 arrestentur
2019 3126 2030 3136 ·
2068 3099 2136 3147 Et
2167 3091 2218 3147 in
2252 3115 2366 3148 casu
2406 3117 2499 3164 quo

567 3192 684 3240 dicti
729 3191 860 3238 ciues
898 3186 1129 3236 arrestati
1172 3201 1256 3234 seu
1297 3184 1554 3234 attachiati
1585 3185 1762 3234 fuerint
1779 3201 1955 3234 coram
1994 3187 2368 3251 quibuscumque
2413 3189 2502 3236 Ju-

564 3280 750 3329 dicibus
773 3275 1056 3325 *Camerario
1093 3273 1467 3322 Vicecomitibus
1492 3273 1748 3337 prepositis
1783 3277 1868 3346 aut
1903 3274 2154 3337 burgorum
2191 3275 2378 3324 balliuis
2418 3291 2500 3325 seu
