2950 3970
511 649 620 702 208
687 646 1152 700 REGISTRUM
1190 645 1728 700 EPISCOPATUS
1770 644 2364 698 BRECHINENSIS.

513 837 622 883 dum
660 839 877 883 tenorem
917 839 966 882 et
1004 834 1222 881 effectum
1263 834 1518 880 earundem
1555 836 1774 895 prompte
1810 833 2126 895 respondeant
2166 836 2363 895 pareant
2399 835 2449 878 et

512 924 762 971 intendant,
784 922 998 971 strictius
1022 922 1290 969 inhibentes
1313 936 1372 968 ne
1396 921 1501 984 quis
1524 920 1572 967 in
1598 920 1886 967 contrarium
1911 935 2310 983 quorumcumque
2335 935 2446 967 con-

511 1015 750 1059 tentorum
774 1012 822 1057 in
849 1011 1025 1058 eisdem
1051 1008 1324 1072 aliqualiter
1347 1007 1570 1056 deuenire
1594 1011 1836 1070 presumat
1870 1008 1956 1056 sub
1992 1008 2119 1055 omni
2153 1024 2275 1071 pena
2310 1024 2449 1071 quam

514 1116 624 1161 erga
659 1114 746 1146 nos
783 1102 833 1146 et
873 1112 1170 1146 successores
1207 1100 1395 1144 nostros
1432 1096 1673 1144 incurrere
1697 1096 1875 1159 poterit
1899 1096 1947 1142 in
1970 1096 2142 1144 futuris
2179 1124 2188 1133 ·
2227 1097 2285 1143 In
2321 1096 2455 1144 cuius

513 1188 582 1234 rei
605 1186 929 1235 testimonium
954 1185 1163 1248 presenti
1199 1189 1330 1232 carte
1372 1188 1533 1232 nostre
1575 1183 1945 1232 confirmationis
1985 1199 2207 1246 magnum
2248 1183 2451 1246 sigillum

513 1279 724 1323 nostrum
767 1273 941 1336 apponi
983 1273 1280 1335 precepimus
1325 1272 1532 1320 testibus
1578 1271 1972 1319 reuerendissimo
2019 1272 2067 1318 in
2115 1271 2274 1319 Cristo
2320 1276 2456 1334 patre

516 1361 759 1410 Willelmo
783 1361 1139 1424 archiepiscopo
1164 1360 1330 1407 Sancti
1357 1359 1551 1408 Andree
1587 1375 1644 1406 ac
1680 1359 1951 1406 reuerendis
1975 1359 2023 1406 in
2050 1359 2207 1407 Cristo
2242 1359 2456 1423 patribus

518 1452 733 1499 Roberto
771 1450 993 1513 episcopo
1032 1448 1312 1516 Glascuensi
1352 1446 1600 1495 Willelmo
1637 1447 1860 1510 episcopo
1896 1447 2223 1495 Aberdonensi
2270 1447 2457 1495 dilectis

515 1538 874 1601 consanguineis
896 1523 1073 1585 nostris
1097 1536 1267 1584 Colino
1291 1536 1466 1584 comite
1502 1536 1560 1583 de
1598 1535 1760 1597 Argile
1786 1535 1976 1582 domino
2001 1534 2230 1599 Campbel
2254 1539 2303 1583 et
2330 1536 2457 1582 Lorn

516 1626 799 1675 cancellario
835 1630 999 1674 nostro
1038 1625 1198 1672 Dauid
1238 1624 1412 1672 comite
1450 1625 1508 1670 de
1545 1623 1777 1671 Craufurd
1814 1622 2003 1670 domino
2030 1623 2254 1686 Lyndsay
2277 1639 2455 1671 camer-

516 1716 617 1763 ario
654 1719 818 1762 nostro
856 1714 1051 1760 Andrea
1089 1712 1279 1760 domino
1317 1711 1568 1759 Awendail
1609 1711 1825 1759 Roberto
1861 1711 2050 1759 domino
2075 1711 2194 1774 Lyel
2217 1712 2455 1774 magistris

519 1803 679 1850 Dauid
720 1802 1071 1864 Lewyngstoun
1095 1800 1337 1864 preposito
1375 1801 1434 1847 de
1470 1799 1794 1862 Lynclowdan
1816 1800 1967 1848 nostri
1991 1800 2162 1847 secreti
2187 1799 2327 1862 sigilli
2351 1816 2454 1848 cus-

516 1892 629 1938 tode
667 1889 958 1937 Archibaldo
998 1888 1241 1943 Quhitlaw
1281 1887 1615 1935 archidiacono
1658 1888 1902 1935 Laudonie
1945 1888 2202 1936 secretario
2242 1893 2404 1937 nostro
2442 1918 2452 1926 -

519 1980 585 2025 Et
622 1978 903 2025 Alexandro
941 1977 1057 2024 Scot
1095 1981 1279 2023 rectore
1318 1977 1377 2023 de
1418 1976 1648 2038 Wigtoun
1684 1975 1857 2023 clerico
1891 1975 2151 2023 rotulorum
2186 1980 2452 2024 nostrorum

517 2071 566 2114 et
607 2066 794 2128 registri
833 2094 842 2103 ·
881 2066 1024 2128 Apud
1067 2065 1342 2126 Edinburgh
1384 2064 1609 2126 vigesimo
1656 2064 1732 2110 die
1779 2064 1954 2112 mensis
2002 2064 2284 2113 Nouembris
2327 2081 2453 2113 anno

518 2154 712 2202 Domini
750 2153 999 2201 millesimo
1036 2152 1497 2216 quadringentesimo
1531 2152 1852 2215 octuagesimo
1886 2153 2030 2200 tertio
2067 2157 2116 2201 et
2152 2153 2281 2216 regni
2304 2155 2453 2202 nostri

517 2242 740 2304 vigesimo
759 2246 930 2304 quarto
970 2270 979 2278 ·

519 2441 826 2488 Confirmatio
851 2445 982 2488 carte
1006 2440 1324 2504 inquisitionis
1346 2441 1474 2488 facte
1499 2440 1558 2487 (16
1583 2441 1803 2489 secundis
1826 2441 2020 2489 decimis
2045 2442 2103 2488 de
2131 2441 2370 2505 Meirnyss
2394 2444 2452 2490 de

518 2530 742 2576 mandato
783 2529 955 2576 Jacobi
998 2529 1120 2590 regis
1161 2529 1410 2576 Scotorum
1447 2529 1640 2576 secundi
1676 2546 1761 2592 per
1795 2530 2031 2578 Jacobum
2067 2531 2261 2579 tertium
2288 2531 2455 2579 Scoto-

520 2634 622 2664 rum
646 2633 802 2679 regem
841 2645 848 2654 -

400 2771 498 2818 104
529 2742 762 2820 Jacobus
801 2771 894 2818 Dei
939 2771 1095 2834 gratia
1140 2787 1226 2817 rex
1265 2771 1515 2818 Scotorum
1555 2798 1564 2807 ·
1605 2798 1615 2808 ·
1654 2798 1664 2808 ·
1702 2770 1878 2819 Sciatis
1922 2788 2008 2820 nos
2047 2800 2056 2809 ·
2097 2800 2106 2810 ·
2146 2801 2156 2810 ·
2193 2774 2454 2836 inspexisse

522 2862 772 2925 quamdam
797 2863 976 2906 cartam
1015 2858 1384 2906 confirmationis
1422 2858 1656 2920 quondam
1691 2858 1971 2906 nobilissimi
2006 2861 2316 2923 progenitoris
2350 2877 2455 2909 nos-

521 2950 584 2996 tri
622 2950 742 2996 bone
767 2948 990 2995 memorie
1017 2947 1050 2992 J
1055 2946 1190 2994 acobi
1215 2946 1408 2994 secundi
1445 2946 1578 2994 cuius
1614 2946 1769 2993 anime
1793 2947 2078 3010 propitietur
2102 2948 2235 2996 Deus
2259 2950 2345 2997 sub
2369 2966 2454 2998 suo

521 3052 690 3098 magno
724 3034 876 3098 sigillo
916 3035 1093 3082 factam
1132 3062 1142 3071 ·
1182 3063 1191 3071 ·
1231 3062 1240 3071 -
1278 3050 1418 3097 super
1460 3034 1817 3082 confirmatione
1856 3035 2101 3083 cuiusdam
2136 3036 2455 3099 inquisitionis

522 3141 607 3172 sno
631 3126 689 3171 de
713 3125 937 3171 mandato
961 3140 1045 3186 per
1070 3123 1327 3170 Patricium
1371 3122 1577 3186 Barclay
1612 3126 1725 3170 tnnc
1759 3123 2052 3170 vicecomitis
2093 3125 2371 3187 deputatum
2397 3127 2454 3172 de

524 3212 814 3277 Kincardine
853 3212 980 3259 facte
1018 3228 1163 3274 penes
1202 3212 1435 3260 secundas
1474 3211 1682 3259 decimas
1719 3215 1768 3258 et
1803 3211 2035 3258 decimum
2061 3211 2304 3258 denarium
2329 3213 2455 3260 dele

525 3302 762 3363 Meirnyss
785 3300 843 3346 de
868 3300 1083 3348 omnibus
1119 3304 1167 3347 et
1206 3298 1400 3362 singulis
1423 3299 1598 3347 wardis
1621 3298 1812 3347 releuiis
1834 3298 2094 3361 maritagiis
2129 3299 2363 3347 eschaetis
2399 3316 2455 3347 ac
