2950 3970
570 647 678 703 152
741 649 1206 708 REGISTRUM
1243 651 1786 708 EPISCOPATUS
1827 646 2421 706 BRECHINENSIS.

570 837 753 886 bruthir
776 840 870 887 and
893 840 1028 901 shref
1046 840 1220 903 depute
1245 855 1305 887 on
1329 856 1388 902 ye
1416 839 1586 903 Kingis
1610 841 1776 889 behalf
1808 869 1818 878 ·
1857 840 2094 895 Quharsor
2117 854 2190 887 we
2215 838 2386 898 charge
2411 850 2498 882 zou

568 931 652 989 yat
687 943 740 975 ze
774 929 1049 977 summonde
1083 927 1343 991 lauchfully
1365 928 1463 976 thir
1485 929 1827 978 wndirwritine
1850 928 2064 992 personis
2098 927 2147 974 in
2181 940 2268 989 yar
2291 923 2504 988 personis

570 1032 623 1063 or
646 1020 697 1064 at
720 1032 808 1079 yar
830 1016 1038 1079 duelling
1060 1015 1210 1080 placis
1232 1020 1285 1064 to
1309 1016 1518 1080 compeir
1539 1017 1691 1065 befoir
1725 1033 1796 1066 ws
1829 1033 1884 1065 or
1917 1031 2004 1064 our
2027 1014 2216 1078 deputis
2238 1029 2328 1061 ane
2352 1028 2406 1060 01
2429 1028 2506 1059 1110

568 1121 628 1167 ye
652 1109 770 1168 nynt
794 1106 888 1168 day
910 1105 964 1154 of
988 1105 1023 1152 J
1026 1121 1175 1153 anuar
1196 1104 1304 1152 nixt
1326 1103 1403 1152 till
1425 1119 1532 1152 cum
1556 1104 1604 1152 in
1629 1105 1799 1153 Forfar
1821 1109 1873 1153 at
1895 1119 1956 1167 ye
1979 1103 2072 1151 hed
2096 1106 2231 1150 court
2254 1117 2342 1164 yar
2363 1099 2422 1148 til
2445 1100 2503 1146 be

569 1193 773 1256 haldyne
796 1195 890 1241 and
918 1197 969 1241 at
1007 1193 1087 1256 yai
1119 1192 1327 1256 compeir
1350 1192 1489 1239 undir
1517 1208 1578 1256 ye
1602 1193 1739 1256 panis
1761 1197 1814 1241 at
1838 1191 1951 1241 eftir
1970 1190 2175 1239 followis
2200 1189 2323 1236 Thir
2346 1205 2400 1236 ar
2421 1189 2504 1236 the

570 1298 792 1344 persones
814 1282 931 1330 tilbe
955 1281 1230 1330 summonde
1252 1281 1286 1327 J
1290 1281 1412 1329 110110
1450 1281 1503 1328 of
1536 1280 1730 1330 01111000
1758 1280 1859 1328 Wil
1889 1281 2055 1329 Somer
2076 1280 2110 1327 J
2114 1280 2236 1326 hone
2262 1277 2507 1342 Campbell

571 1387 684 1420 sone
708 1372 800 1418 and
826 1371 898 1418 air
919 1369 977 1418 til
1004 1369 1106 1416 Wil
1131 1368 1378 1433 Campbell
1402 1369 1582 1418 Thome
1606 1370 1660 1418 of
1678 1369 1871 1418 Cullace
1895 1385 2010 1418 sone
2032 1368 2127 1416 and
2150 1366 2222 1414 air
2254 1366 2313 1415 til
2347 1366 2379 1413 J
2384 1366 2505 1414 hone

572 1461 625 1506 of
643 1458 835 1507 Cullace
862 1458 1071 1506 Mai-tine
1096 1458 1150 1506 of
1168 1457 1361 1505 01111000
1384 1457 1630 1521 bygottine
1655 1473 1770 1507 sone
1793 1457 1852 1506 til
1873 1458 1905 1504 J
1911 1458 2033 1504 hone
2058 1457 2112 1504 of
2135 1455 2328 1504 Cullace
2353 1455 2506 1518 Nycol

573 1549 626 1596 of
645 1548 769 1610 Crag
794 1546 897 1594 Wil
931 1547 986 1595 of
1004 1546 1128 1609 Crag
1154 1545 1307 1609 Nycol
1333 1546 1447 1609 Kyd
1473 1546 1658 1595 Robert
1695 1547 1809 1609 Kyd
1844 1546 2002 1595 Sande
2041 1545 2140 1593 Kid
2176 1545 2355 1593 Thome
2392 1544 2506 1607 Kyd

573 1636 703 1684 callit
729 1635 874 1698 Balty
899 1635 998 1682 Kid
1021 1635 1055 1682 J
1058 1635 1180 1682 hone
1218 1635 1332 1697 Kyd
1368 1634 1536 1697 Henry
1573 1635 1877 1684 Mathisoune
1900 1635 1995 1683 and
2020 1632 2251 1681 Tueddail
2286 1632 2507 1681 duelland

572 1726 619 1773 in
647 1725 850 1787 Loichty
885 1724 979 1772 and
1017 1739 1184 1787 wpone
1222 1723 1297 1786 yir
1331 1723 1435 1771 said
1469 1723 1759 1772 summondis
1793 1739 1846 1771 ze
1882 1724 2032 1786 bryng
2064 1721 2123 1770 til
2152 1737 2212 1785 ye
2236 1726 2372 1770 court
2394 1722 2506 1785 guid

573 1815 766 1863 witness
790 1811 974 1876 Gewyn
998 1812 1151 1860 wndir
1174 1828 1260 1860 our
1283 1811 1468 1874 singnet
1501 1815 1553 1858 01
1579 1811 1813 1859 Β100111110
1836 1827 1897 1874 ye
1922 1811 2007 1858 xix
2031 1811 2124 1873 day
2157 1811 2212 1858 of
2241 1810 2508 1858 December

573 1921 631 1967 ye
657 1904 751 1951 zeir
774 1903 827 1950 of
845 1918 932 1950 0111
957 1901 1085 1949 Lord
1108 1916 1139 1948 a
1159 1901 1396 1949 thousand
1420 1912 1533 1946 cccc
1557 1901 1651 1947 and
1674 1900 1812 1963 fyfty.

574 2102 908 2165 Depositiones
942 2101 1138 2150 testium
1172 2116 1317 2163 penes
1350 2101 1733 2149 archidiaconum
1778 2100 2145 2149 Brechinensem
2181 2103 2230 2146 et
2254 2098 2502 2147 ecclesiam

574 2192 632 2238 de
657 2191 955 2254 Straquhyne
993 2218 1003 2228 ·

488 2347 549 2394 78
585 2315 662 2396 In
687 2348 780 2396 Dei
804 2347 992 2396 nomine
1017 2348 1171 2395 Amen
1209 2374 1218 2384 ·
1257 2347 1350 2394 Per
1382 2346 1473 2394 hoc
1500 2361 1695 2410 presens
1717 2345 1958 2409 publicum
1980 2345 2344 2394 instrumentum
2368 2360 2507 2393 cunc-

575 2439 639 2486 tis
680 2441 843 2501 pateat
885 2436 1131 2484 euidenter
1170 2435 1294 2499 quod
1341 2450 1465 2483 011110
1512 2433 1708 2482 Domini
1752 2433 2003 2482 millesimo
2048 2433 2507 2496 quadringentesimo

578 2525 962 2590 quinquagesimo
999 2524 1259 2573 secundum
1297 2537 1486 2572 cursum
1519 2527 1569 2570 01
1607 2522 2008 2586 computationem
2032 2521 2231 2570 ecclesie
2256 2522 2507 2570 Scoticane

577 2615 751 2663 mensis
784 2630 895 2662 vero
929 2613 1089 2661 martii
1125 2612 1201 2660 die
1217 2668 1220 2669 ⁷
1235 2615 1376 2660 sexta
1412 2639 1424 2649 ·
1460 2611 1731 2660 Indictione
1767 2611 1951 2658 decima
1995 2614 2166 2674 quarta
2205 2611 2508 2674 pontificatus

582 2733 591 2742 ·
631 2733 641 2741 -
681 2733 691 2741 ·
728 2702 904 2751 domini
950 2699 1188 2749 Nicholaii
1225 2727 1236 2738 ·
1275 2727 1287 2738 ·
1324 2727 1336 2738 ·
1371 2715 1493 2764 pape
1539 2699 1693 2763 quinti
1739 2715 1864 2747 011110
1909 2702 2080 2762 quarto
2129 2726 2139 2736 ·
2188 2699 2249 2746 In
2295 2703 2507 2747 nostrum

578 2791 866 2839 notariorum
903 2788 1196 2854 publicorum
1235 2792 1284 2836 01
1323 2787 1519 2837 1001111111
1557 2787 1928 2851 subscriptorum
1964 2787 2206 2850 presentia
2245 2789 2508 2851 comparuit

580 2882 627 2927 in
653 2878 932 2928 consistorio
968 2876 1158 2941 publico
1195 2880 1245 2925 et
1282 2879 1509 2925 consueto
1542 2875 1851 2924 Brechinensi
1889 2903 1900 2913 ·
1938 2875 2246 2923 Reuerendus
2283 2903 2294 2913 ·
2333 2903 2343 2913 ·
2382 2903 2393 2914 ·
2429 2877 2509 2924 110-

580 2970 733 3016 minus
754 2968 788 3014 J
792 2967 1001 3015 ohannes
1037 2993 1048 3003 ·
1086 2993 1097 3003 -
1136 2993 1146 3003 ·
1183 2964 1430 3029 episcopus
1454 2963 1788 3012 Breohinensis
1811 2966 1860 3010 et
1883 2978 1969 3026 pro
1993 2962 2218 3010 tribunali
2253 2963 2302 3011 in
2329 2964 2510 3026 judicio

581 3059 750 3106 sedens
797 3055 919 3103 dixit
965 3059 1014 3102 et
1061 3053 1325 3102 declarauit
1372 3053 1498 3116 quod
1543 3051 1655 3115 quia
1698 3051 1900 3099 materia
1944 3066 2146 3114 sequens
2191 3067 2285 3099 non
2323 3056 2510 3100 tantum

582 3145 828 3193 ecclesiam
854 3142 1220 3191 Brechinensem
1246 3143 1329 3190 sed
1355 3140 1498 3189 etiam
1523 3155 1772 3203 personam
1802 3155 1934 3188 suam
1971 3141 2030 3187 de
2063 3139 2326 3203 propinquo
2348 3145 2511 3204 tange-

581 3236 664 3281 bat
690 3234 755 3280 Et
779 3232 898 3279 Ideo
921 3247 980 3278 ne
1003 3234 1164 3293 partes
1187 3230 1385 3277 aduerse
1410 3244 1601 3277 causam
1626 3229 1942 3291 conquerendi
1965 3233 2049 3276 aut
2083 3229 2208 3276 male
2243 3229 2511 3292 suspicandi

582 3322 810 3369 haberent
834 3318 983 3366 voluit
1007 3321 1056 3365 et
1081 3318 1138 3365 de
1162 3318 1292 3365 facto
1316 3316 1563 3365 substituit
1586 3316 1692 3364 loco
1715 3316 1788 3364 sui
1811 3316 2126 3365 venerabilem
2151 3317 2299 3364 virum
2340 3317 2515 3381 Magis-
