2950 3970
539 618 1003 674 REGISTRUM
1040 620 1577 678 EPISCOPATUS
1618 625 2203 685 BRECHINENSIS.
2259 634 2362 686 169

438 807 647 854 monium
684 807 887 870 sigillum
924 812 1136 856 nostrum
1171 810 1494 858 auctenticum
1541 812 1651 860 huic
1699 813 1842 860 Carte
1889 819 1937 862 et
1983 815 2185 878 sigillum
2233 834 2358 865 com-

437 911 579 943 mune
604 895 802 959 capituli
827 897 977 945 nostri
1000 901 1111 945 sunt
1135 914 1343 961 appensa
1366 899 1492 962 apud
1519 899 1751 948 Brechine
1787 902 2034 950 undecimo
2074 904 2149 951 die
2186 906 2359 953 mensis

437 983 471 1029 J
475 984 572 1031 unii
607 1000 730 1032 anno
767 985 960 1032 Domini
995 984 1243 1034 millesimo
1279 988 1735 1050 quadringentesimo
1782 990 2164 1052 quinquagesimo
2211 993 2359 1054 primo

439 1089 638 1121 unacum
663 1074 1005 1137 subscriptione
1029 1075 1201 1122 notarii
1225 1070 1399 1138 publici
1425 1076 1676 1139 subscripti
1715 1080 1763 1123 et
1805 1077 1851 1123 in
1893 1079 2131 1141 presentia
2167 1081 2357 1128 testium

437 1162 658 1210 videlicet
705 1162 1037 1210 venerabilium
1085 1163 1287 1210 virorum
1335 1168 1383 1211 et
1434 1163 1764 1226 Magistrorum
1817 1166 1851 1211 J
1856 1166 2051 1214 ohannis
2100 1168 2360 1216 Lichtoune

438 1251 604 1298 decani
641 1251 799 1298 Dauid
837 1250 1114 1298 Crannoche
1151 1250 1421 1298 cancellarii
1458 1251 1788 1300 Brechinensis
1828 1270 2008 1302 necnon
2055 1255 2360 1304 discretorum

438 1340 641 1387 virorum
678 1340 970 1387 dominorum
1011 1339 1241 1386 Willelmi
1278 1339 1474 1387 Henrici
1511 1338 1729 1402 Symonis
1764 1342 1822 1388 de
1858 1342 2009 1405 Barry
2035 1348 2095 1390 et
2129 1343 2362 1392 Johannis

439 1429 635 1477 Patricii
660 1428 1007 1492 capellanorum
1033 1428 1164 1475 chori
1188 1443 1293 1475 cum
1318 1428 1478 1475 multis
1502 1427 1608 1475 aliis
1646 1456 1655 1465 ·
1694 1455 1704 1465 ·
1744 1457 1754 1466 ·
1792 1430 1856 1477 Et
1882 1445 2036 1477 coram
2062 1447 2152 1494 quo
2176 1433 2359 1480 notario

437 1523 486 1566 et
520 1519 724 1567 testibus
761 1517 986 1582 predictis
1022 1517 1150 1564 dicto
1184 1516 1218 1562 J
1223 1517 1395 1564 ohanni
1432 1517 1508 1578 Gy
1543 1517 1664 1564 hanc
1700 1522 1877 1565 cartam
1914 1518 2018 1566 loco
2052 1521 2358 1582 possessionis

437 1608 652 1655 dedimus
676 1607 796 1655 etin
822 1607 987 1654 eodem
1011 1604 1206 1653 seruitio
1230 1609 1282 1651 ut
1312 1605 1574 1667 predictum
1610 1609 1683 1652 est
1719 1621 1803 1668 per
1838 1606 1997 1653 annuli
2031 1608 2178 1655 nostri
2215 1610 2360 1656 tradi-

434 1697 612 1743 tionem
637 1694 966 1742 inuestiuimus
991 1694 1136 1741 Anno
1163 1692 1236 1739 die
1263 1708 1420 1740 mense
1446 1696 1494 1739 et
1519 1691 1623 1739 loco
1648 1693 1873 1755 predictis
1898 1693 2151 1742 indictione
2176 1696 2359 1743 decima

437 1789 607 1848 quarta
628 1783 931 1847 pontificatus
969 1810 978 1819 ·
1018 1810 1027 1818 ·
1067 1809 1077 1819 ·
1114 1780 1290 1828 domini
1315 1780 1550 1828 Nicholaii
1589 1808 1597 1818 ·
1636 1809 1646 1818 ·
1686 1809 1695 1817 ·
1733 1797 1851 1844 pape
1876 1782 2026 1844 quinti
2050 1798 2172 1830 anno
2196 1783 2358 1846 quinto

437 1889 577 1937 super
614 1872 783 1936 quibus
824 1870 1040 1918 omnibus
1078 1874 1127 1917 et
1164 1868 1358 1932 singulis
1399 1869 1554 1917 dictus
1589 1869 1802 1917 dominus
1835 1870 2078 1918 ,Iohannes
2114 1871 2190 1933 Gy
2223 1888 2253 1919 a
2286 1888 2359 1919 me

437 1961 622 2009 notario
647 1959 835 2024 publico
859 1958 1124 2020 subscripto
1148 1957 1287 2020 petiit
1323 1956 1560 2019 publicum
1599 1957 1958 2006 instrumentum
1997 1987 2006 1995 ·
2046 1987 2055 1996 ·
2095 1988 2103 1996 ·
2141 1960 2187 2007 in
2211 1960 2360 2008 forma

437 2049 701 2114 prescripta
738 2077 747 2086 ·
789 2076 798 2085 ·
839 2076 849 2084 ·
881 2048 946 2094 Et
982 2062 1067 2109 ego
1103 2045 1262 2092 Dauid
1301 2045 1489 2092 Andree
1513 2046 1746 2108 presbiter
1781 2046 2111 2096 Brechinensis
2147 2049 2360 2097 dioecesis

436 2138 651 2202 publicus
687 2136 945 2184 autoritate
970 2132 1202 2197 imperiali
1227 2133 1439 2180 notarius
1476 2162 1486 2170 -
1527 2162 1535 2170 -
1576 2162 1585 2171 ·

385 2357 413 2385 ,ιε
440 2338 648 2386 Donatio
666 2337 756 2384 fori
777 2333 1111 2382 Brechinensis
1129 2333 1188 2380 ad
1210 2332 1332 2379 diem
1353 2332 1632 2379 dominicum
1652 2332 1739 2379 διο.
1799 2333 2090 2395 Concerning
2106 2334 2187 2381 the
2205 2334 2357 2397 schip-

437 2429 516 2490 ing
538 2428 585 2474 in
613 2426 741 2474 Eske
768 2424 859 2471 and
886 2423 986 2485 Tey
1025 2450 1034 2459 ·

349 2577 413 2624 82
446 2553 490 2628 J
505 2582 680 2630 acobus
718 2580 812 2627 Dei
850 2577 1004 2641 gratia
1041 2593 1124 2624 rex
1165 2577 1410 2623 Scotorum
1449 2603 1458 2612 ·
1499 2602 1508 2612 ·
1548 2602 1558 2612 ·
1595 2574 1768 2622 Sciatis
1805 2574 1926 2636 quod
1962 2589 2047 2621 nos
2070 2574 2117 2620 in
2141 2574 2359 2621 honorem

438 2677 487 2719 et
511 2671 699 2719 laudem
722 2667 993 2716 beatissime
1024 2664 1272 2712 Trinitatis
1306 2679 1363 2711 ac
1395 2662 1726 2725 gloriosissime
1762 2661 1968 2723 Virginis
1994 2661 2145 2708 Marie
2180 2665 2229 2708 et
2263 2677 2360 2708 om-

437 2761 564 2808 nium
591 2761 859 2807 sanctorum
898 2758 947 2802 et
985 2770 1069 2817 pro
1093 2751 1314 2815 singulari
1337 2751 1497 2798 fauore
1523 2749 1622 2798 zelo
1659 2753 1708 2796 et
1746 2748 1996 2797 dilectione
2020 2764 2136 2811 quos
2156 2749 2358 2811 gerimus

439 2865 551 2912 erga
573 2846 882 2895 reuerendum
919 2843 966 2889 in
1005 2841 1161 2889 Cristo
1199 2844 1379 2902 patrem
1414 2839 1446 2884 J
1452 2838 1680 2885 ohannem
1705 2836 1972 2900 episcopum
1997 2836 2357 2884 Brechinensem

439 2935 757 2985 concessimus
793 2947 849 2979 ac
886 2929 1170 2994 presentium
1209 2943 1293 2990 per
1327 2931 1538 2974 tenorem
1577 2940 1662 2988 pro
1685 2924 1819 2972 nobis
1841 2923 2090 2972 heredibus
2112 2924 2286 2972 nostris
2309 2928 2358 2971 et

439 3022 786 3074 successoribus
809 3017 1108 3068 concedimus
1131 3015 1282 3063 eidem
1304 3014 1338 3060 J
1343 3012 1513 3060 ohanni
1549 3011 1743 3059 Decano
1774 3015 1823 3058 et
1861 3010 2081 3073 Capitulo
2115 3015 2163 3059 et
2198 3027 2357 3059 eorum

342 3119 347 3124 ’
440 3101 788 3163 successoribus
810 3106 1008 3156 ecclesie
1044 3103 1275 3169 episcopis
1311 3106 1359 3149 et
1397 3099 1634 3148 canonicis
1671 3098 2000 3148 Brechinensis
2033 3102 2086 3146 ut
2119 3100 2358 3162 perpetuis
2394 3118 2397 3121 ·

439 3201 610 3250 futuris
654 3197 944 3261 temporibus
977 3194 1183 3241 habeant
1216 3193 1410 3238 teneant
1445 3191 1494 3236 et
1528 3187 1798 3251 possideant
1833 3186 2046 3234 omnibus
2080 3186 2243 3234 diebus
2278 3187 2358 3234 do-

440 3294 625 3343 minicis
647 3291 845 3338 liberum
880 3289 1032 3336 forum
1069 3286 1116 3332 in
1155 3283 1349 3332 ciuitate
1390 3279 1695 3328 Brechinensi
1734 3294 1836 3326 cum
1862 3293 1999 3326 cruce
2023 3278 2070 3325 in
2095 3278 2223 3326 dicta
2245 3278 2359 3325 ciui-
