2950 3970
693 639 1162 695 REGISTRUM
1199 641 1737 699 EPISCOPATUS
1777 645 2366 707 BRECHINENSIS.
2409 654 2475 710 67

553 829 758 877 decanus
781 829 841 876 ad
864 829 1070 878 hostium
1095 830 1291 894 capituli
1315 832 1516 894 predicti
1533 833 1733 882 accessit
1751 835 2061 898 personaliter
2082 838 2345 902 ibidemque
2369 840 2470 887 uni·

553 932 713 966 versos
736 920 786 965 et
810 917 1017 980 singulos
1039 919 1290 968 canonicos
1313 924 1361 967 et
1385 921 1720 984 prebendarius
1743 922 1941 972 ecclesie
1963 926 2174 988 predicte
2200 926 2469 990 singillatim

551 1014 603 1054 et
636 1006 915 1055 nominatim
951 1007 1169 1071 repetitis
1207 1008 1385 1058 vicibus
1420 1014 1474 1058 ut
1510 1010 1654 1059 moris
1691 1015 1764 1060 est
1791 1028 1876 1075 per
1899 1014 2146 1076 quemdam
2178 1015 2467 1078 capellanum

551 1095 667 1144 fecit
690 1096 939 1144 convocari
962 1096 1131 1160 quibus
1165 1098 1436 1147 conuocatis
1470 1103 1520 1146 et
1555 1100 1932 1163 comparentibus
1954 1104 2153 1164 protunc
2175 1103 2469 1165 presentibus

552 1185 765 1248 prefatus
787 1185 1072 1234 reuerendus
1094 1189 1232 1249 pater
1256 1186 1443 1235 diuersa
1464 1191 1641 1250 puncta
1663 1188 1906 1251 proposuit
1930 1193 1979 1236 et
2006 1189 2130 1237 inter
2150 1189 2246 1238 alia
2270 1190 2471 1254 qualiter

551 1273 756 1322 ecclesia
777 1273 1065 1323 cathedralis
1088 1274 1304 1337 predicta
1327 1275 1638 1324 communitas
1674 1279 1722 1324 et
1759 1277 2015 1340 capitulum
2042 1278 2252 1326 existunt
2274 1295 2471 1342 pauper-

551 1366 655 1411 tate
677 1366 877 1426 grauata
899 1379 1082 1410 necnon
1117 1363 1412 1412 vestimentis
1447 1363 1780 1412 ecclesiasticis
1815 1379 1871 1412 ac
1909 1366 2080 1414 ceteris
2103 1367 2387 1415 ornamentis
2410 1369 2470 1414 ad

552 1453 771 1500 decorem
817 1455 868 1500 et
906 1452 1238 1500 necessitatem
1282 1452 1408 1499 dicte
1450 1451 1647 1500 ecclesie
1689 1452 1928 1516 requisitis
1966 1454 2154 1515 penitus
2194 1456 2424 1503 destituta
2459 1484 2467 1493 -

553 1542 672 1589 Ideo
708 1556 871 1590 omnes
906 1541 1110 1604 predicti
1144 1540 1356 1588 volentes
1390 1540 1587 1603 prefatis
1621 1540 1897 1589 defectubus
1931 1542 2186 1590 remedium
2209 1559 2466 1606 proponere

552 1634 836 1694 oportunum
860 1629 1068 1678 unanimi
1092 1645 1322 1677 consensu
1346 1633 1395 1676 et
1419 1644 1611 1677 assensu
1627 1633 1813 1677 matura
1829 1629 2171 1694 deliberacione
2189 1633 2467 1694 precedente

552 1718 873 1767 deliberarunt
896 1718 1227 1767 concluserunt
1265 1746 1275 1756 ·
1314 1718 1380 1765 Et
1403 1719 1464 1765 ad
1487 1721 1763 1781 perpetuam
1789 1718 1857 1765 rei
1880 1719 2149 1766 memoriam
2174 1721 2468 1768 concorditer

549 1812 819 1857 statuerunt
845 1808 970 1871 quod
993 1823 1079 1870 pro
1106 1806 1400 1854 vestimentis
1423 1809 1472 1853 et
1497 1806 1784 1854 ornamentis
1807 1805 1855 1852 in
1880 1806 2008 1854 dicta
2031 1806 2231 1855 ecclesia
2263 1808 2470 1856 emendis

550 1902 600 1946 et
646 1897 933 1946 renouandis
979 1895 1178 1960 quilibet
1213 1894 1462 1958 episcopus
1496 1894 1544 1940 in
1573 1909 1657 1941 suo
1691 1909 1814 1941 nouo
1860 1894 2057 1942 introitu
2090 1910 2147 1942 ac
2182 1895 2385 1944 decanus
2420 1901 2467 1944 et

551 1986 722 2049 singuli
768 1984 985 2033 canonici
1025 1983 1128 2047 pari
1174 1983 1326 2031 forma
1365 1983 1423 2030 de
1460 1981 1624 2045 primis
1657 1981 1887 2030 fructibus
1920 1997 2107 2030 suorum
2140 1983 2466 2031 beneficiorum

552 2075 793 2124 soluerent
827 2074 969 2121 modo
993 2076 1042 2120 et
1063 2071 1216 2120 forma
1238 2075 1291 2118 ut
1315 2070 1616 2133 subsequitur
1651 2073 1700 2117 et
1737 2070 1795 2117 de
1831 2069 1921 2117 hoc
1943 2073 2054 2118 ante
2091 2086 2222 2118 suam
2246 2073 2472 2135 receptio-

553 2180 660 2212 nem
685 2179 715 2211 a
737 2161 949 2226 capitulo
974 2162 1143 2209 darent
1178 2161 1350 2208 bonam
1388 2158 1691 2207 securitatem
1729 2161 1777 2205 et
1817 2157 2032 2206 manibus
2070 2158 2185 2206 dicti
2214 2160 2378 2206 decani
2402 2159 2475 2206 vel

554 2252 748 2300 maioris
787 2252 846 2299 de
883 2249 1094 2314 capitulo
1132 2249 1181 2295 in
1218 2264 1304 2297 sua
1327 2247 1543 2295 absentia
1566 2245 1830 2294 cautionem
1853 2250 2118 2309 prestarent
2145 2247 2423 2308 juratoriam
2463 2278 2471 2286 -

557 2342 623 2390 Et
646 2340 799 2405 primo
818 2339 1084 2403 Episcopus
1101 2337 1213 2401 quia
1229 2335 1565 2400 prebendarius
1589 2335 1647 2382 de
1672 2333 1904 2381 Brechine
1928 2333 2080 2382 soluet
2105 2336 2264 2383 decem
2291 2353 2471 2384 marcas

555 2434 745 2478 monete
769 2427 1004 2477 currentis
1026 2442 1113 2490 pro
1135 2429 1349 2488 tempore
1372 2440 1457 2487 pro
1481 2438 1632 2486 cappa
1668 2437 1751 2470 sue
1787 2422 2022 2485 prebende
2048 2423 2259 2485 predicte
2296 2452 2306 2461 ·
2343 2426 2469 2472 Item

554 2521 775 2573 decanus,
791 2519 1055 2580 precentor,
1071 2513 1441 2567 archidiaconus,
1460 2511 1690 2566 wicarius,
1710 2510 1930 2565 Lethnot‚
1957 2510 2250 2575 Glenberwy,
2276 2513 2470 2575 quilibet

555 2608 760 2672 quinque
782 2620 968 2653 marcas
1005 2631 1014 2641 ·
1053 2603 1119 2651 Et
1143 2616 1305 2650 omnes
1329 2599 1420 2647 alie
1445 2599 1699 2662 dignitates
1720 2601 1770 2645 et
1793 2598 2027 2660 prebende
2052 2598 2258 2661 quelibet
2273 2602 2472 2663 quadra—

552 2697 687 2760 ginta
707 2694 885 2744 solidos
908 2693 987 2740 De
1011 2695 1060 2740 et
1084 2706 1225 2754 super
1249 2688 1417 2752 quibus
1439 2687 1654 2735 omnibus
1677 2690 1726 2733 et
1750 2685 1943 2747 singulis
1959 2686 2170 2748 prefatus
2193 2690 2472 2737 reuerendus

553 2789 692 2849 pater
726 2801 758 2832 a
793 2798 868 2830 me
891 2780 1081 2829 notario
1104 2777 1294 2842 publico
1321 2775 1588 2838 subscripto
1625 2774 1713 2822 sibi
1749 2774 1848 2820 fieri
1883 2774 2021 2837 petiit
2043 2774 2278 2837 publicum
2302 2776 2471 2824 instru-

554 2878 766 2922 mentum
788 2870 864 2919 vel
887 2870 1203 2918 instrumenta
1228 2867 1354 2913 Acta
1375 2864 1567 2911 fuerunt
1589 2862 1677 2910 hec
1711 2862 1759 2908 in
1782 2861 1990 2924 capitulo
2014 2863 2319 2911 Brechinensi
2345 2880 2468 2912 anno

554 2963 631 3011 die
665 2976 827 3009 mense
861 2957 1120 3006 indictione
1157 2959 1207 3002 et
1243 2952 1520 3017 pontificatu
1555 2950 1722 3014 quibus
1755 2965 1893 3012 supra
1927 2950 2221 3012 presentibus
2256 2951 2470 3000 discretis

551 3051 665 3099 viris
683 3048 872 3098 domino
898 3046 1125 3093 Herwart
1142 3041 1318 3090 vicario
1337 3041 1394 3087 de
1420 3037 1654 3086 Fernwell
1673 3036 2001 3085 Brechinensis
2024 3037 2237 3086 dioecesis
2263 3039 2468 3087 Ricardo

554 3139 684 3187 Dote
719 3135 896 3184 vicario
931 3135 989 3181 de
1026 3129 1300 3192 Balhelwye
1326 3125 1674 3175 Aberdonensis
1705 3124 1918 3172 dioecesis
1950 3128 2001 3172 et
2036 3125 2224 3173 domino
2261 3127 2466 3175 Patricio

552 3225 791 3275 Nicholaii
814 3221 1078 3288 presbitero
1101 3235 1158 3267 ac
1180 3216 1367 3266 notario
1389 3213 1576 3279 publico
1599 3211 1760 3260 multis
1782 3211 1888 3260 aliis
1910 3212 2112 3261 testibus
2146 3213 2206 3260 ad
2243 3215 2467 3276 premissa

552 3315 734 3364 vocatis
757 3312 938 3377 pariter
961 3313 1011 3357 et
1035 3307 1212 3370 rogatis
1251 3334 1260 3343 -
1299 3305 1365 3352 Et
1402 3303 1464 3351 ad
1499 3300 1700 3365 amplius
1735 3299 2053 3347 testimonium
2078 3300 2232 3349 dictus
2255 3317 2468 3350 reueren-
