2950 3970
673 634 1140 692 REGISTRUM
1178 635 1719 694 EPISGOPATUS
1759 639 2348 700 BRECHINENSIS.
2401 647 2471 700 59

544 821 653 870 huic
676 826 999 888 transsumpto
1022 825 1224 873 fideliter
1245 826 1305 874 ab
1329 827 1632 889 originalibus
1666 832 1883 877 extracto
1906 828 2106 892 sigillum
2129 834 2338 879 nostrum
2363 846 2469 879 cum

542 910 696 974 sigillo
721 911 838 960 dicti
863 913 1029 961 decani
1064 915 1125 962 ad
1159 919 1435 978 perpetuam
1470 916 1538 964 rei
1566 916 1837 964 memoriam
1861 917 2149 966 decreuimus
2171 919 2343 982 apponi
2365 935 2469 983 pre-

542 999 754 1049 sentibus
787 1001 987 1050 notariis
1021 1002 1070 1049 in
1104 1002 1194 1051 hoc
1227 1007 1547 1067 transsumpto
1580 1002 1858 1068 subscriptis
1889 1005 2070 1054 vocatis
2103 1006 2231 1069 prius
2252 1007 2465 1056 omnibus

543 1091 594 1135 et
637 1088 835 1152 singulis
880 1105 1077 1153 quorum
1126 1091 1323 1140 interest
1364 1095 1413 1140 et
1452 1093 1543 1140 hoc
1583 1092 1631 1140 in
1670 1093 1992 1142 testimonium
2038 1094 2252 1143 veritatis
2288 1123 2298 1133 ·
2338 1095 2468 1144 Acta

541 1176 732 1225 fuerunt
765 1177 855 1226 hec
890 1178 939 1225 in
973 1179 1217 1227 cimeterio
1246 1179 1443 1228 ecclesie
1477 1180 1759 1244 parochialis
1792 1181 1851 1229 (16
1887 1182 2151 1245 Tybyrmur
2182 1183 2298 1231 hora
2334 1184 2467 1246 quasi
2547 1229 2552 1235 .

541 1269 683 1314 sexta
715 1270 828 1314 ante
861 1267 1106 1315 meridiem
1142 1267 1324 1316 decimo
1358 1272 1497 1317 sexto
1532 1269 1608 1316 die
1642 1269 1816 1318 mensis
1851 1270 1970 1318 Maii
2003 1285 2127 1318 anno
2152 1271 2345 1319 Domini
2368 1270 2470 1319 mil-

540 1353 707 1403 lesimo
730 1354 1191 1418 quadringentesimo
1214 1356 1454 1405 tricesimo
1475 1357 1625 1404 tercio
1663 1384 1672 1394 ·
1710 1357 2012 1406 Presentibus
2044 1358 2288 1420 magnifico
2311 1362 2360 1406 et
2390 1374 2471 1422 po·

541 1446 675 1491 tente
699 1443 892 1492 domino
914 1444 1104 1492 (10101110
1127 1443 1403 1493 Alexandro
1431 1445 1602 1493 comite
1627 1446 1686 1493 de
1710 1446 1820 1493 Mar
1853 1450 1904 1494 et
1935 1447 1993 1494 (16
2017 1444 2223 1494 Garioch
2248 1446 2471 1509 magistro

539 1533 575 1579 J
577 1532 728 1581 acobo
775 1534 984 1582 Stewart
1029 1532 1335 1582 ecclesiarum
1381 1533 1732 1582 Aberdonensis
1783 1537 1836 1581 et
1886 1533 2196 1582 Moraviensis
2242 1535 2466 1582 canonico

542 1621 699 1670 Alano
735 1622 793 1670 de
830 1621 958 1670 Lorn
982 1621 1143 1669 Dauid
1179 1623 1238 1669 de
1273 1620 1520 1670 Crannoch
1545 1621 1847 1670 ecclesiarum
1873 1621 2223 1670 Dunkeldensis
2246 1626 2294 1670 et
2321 1623 2471 1670 Aber-

542 1710 764 1759 donensis
800 1709 1028 1758 canonico
1069 1709 1344 1758 Alexandro
1385 1711 1444 1757 de
1482 1709 1690 1772 Bonkyll
1725 1709 1911 1757 notario
1946 1709 2134 1773 publico
2174 1714 2223 1758 et
2266 1710 2468 1773 Georgio

542 1799 676 1862 Peny
711 1814 818 1847 cum
855 1798 1018 1847 multis
1053 1798 1161 1847 aliis
1195 1799 1255 1846 ad
1291 1798 1521 1862 premissa
1553 1798 1734 1846 vocatis
1756 1797 2025 1862 specialiter
2060 1802 2112 1846 et
2146 1798 2322 1861 rogatis
2359 1826 2370 1835 ·

609 1887 676 1935 Et
694 1904 770 1936 me
787 1888 982 1935 Andrea
1000 1886 1221 1935 Mauricii
1238 1886 1410 1935 clerico
1427 1882 1764 1934 Sanctiandree
1784 1885 1996 1935 dioecesis
2014 1885 2200 1950 publico
2216 1887 2469 1947 autoritate

540 1976 803 2040 apostolica
845 1976 1034 2025 notario
1088 2004 1098 2014 ·
1151 1976 1244 2031 Qui
1289 1974 1530 2040 premissis
1575 1974 1799 2038 peticioni
1846 1978 2078 2022 cartarum
2126 1974 2468 2022 examinacioni

540 2080 796 2128 earumque
844 2065 903 2112 de
950 2063 1255 2127 originalibus
1302 2062 1589 2111 extractioni
1624 2067 1674 2110 et
1708 2063 1886 2111 decreti
1920 2062 1968 2110 in
1996 2062 2317 2110 testimonium
2354 2062 2468 2110 veri-

538 2153 658 2202 tatis
691 2152 1047 2216 interposicioni
1083 2167 1140 2200 ac
1174 2151 1389 2200 omnibus
1434 2150 1541 2199 aliis
1587 2155 1637 2199 et
1683 2150 1876 2214 singulis
1913 2178 1922 2188 ·
1961 2179 1970 2188 ·
2011 2178 2020 2188 ·
2056 2165 2247 2213 presens
2281 2150 2468 2198 interfui

543 2270 553 2279 ·
593 2271 602 2280 ·
642 2270 652 2280 ·
691 2243 757 2290 Et
781 2241 910 2290 istud
933 2244 1306 2304 transsumptum
1331 2256 1406 2287 me
1431 2240 1478 2286 111
1502 2238 1609 2287 aliis
1631 2243 1862 2302 occupato
1890 2254 1975 2302 per
1998 2237 2140 2285 alium
2164 2237 2305 2286 scribi
2327 2238 2418 2285 feci
2456 2266 2466 2275 -

541 2330 602 2378 Id
623 2334 786 2379 tamen
809 2329 928 2378 meis
952 2329 1085 2392 signo
1119 2333 1168 2376 et
1204 2328 1546 2391 subscriptione
1581 2327 1799 2375 roboraui
1834 2326 2085 2389 requisitus
2119 2330 2170 2373 et
2200 2330 2389 2388 rogatus
2421 2327 2468 2374 in

539 2418 863 2468 testimonium
887 2418 1103 2466 veritatis
1127 2417 1333 2465 omnium
1370 2420 1419 2463 et
1447 2415 1731 2478 singulorum
1755 2414 2084 2478 premissorum
2122 2442 2132 2451 ·
2169 2413 2235 2461 Et
2259 2429 2343 2476 ego
2369 2415 2467 2463 Ro-

540 2508 703 2556 bertus
743 2507 925 2571 Scharp
961 2506 1196 2570 presbiter
1230 2504 1569 2553 Sanctiandree
1605 2503 1816 2551 dioecesis
1844 2502 2057 2566 publicus
2090 2501 2346 2550 autoritate
2381 2503 2465 2549 im-

540 2596 707 2661 periali
746 2595 962 2644 notarius
997 2623 1007 2633 ·
1050 2623 1060 2633 -
1100 2623 1110 2633 ·
1148 2595 1214 2642 Et
1256 2608 1341 2656 ego
1385 2592 1625 2640 Robertus
1668 2592 1726 2638 de
1770 2591 2004 2638 Maxtoun
2046 2588 2242 2638 clericus
2284 2588 2465 2638 Sancti-

539 2686 714 2733 andree
751 2684 968 2733 dioecesis
1001 2683 1217 2748 publicus
1250 2681 1508 2729 autoritate
1543 2678 1773 2742 imperiali
1806 2678 2018 2726 notarius
2055 2704 2064 2715 -
2104 2704 2115 2715 ·
2154 2705 2163 2715 ·

542 2886 919 2935 Instrumentum
955 2881 1229 2931 donacionis
1261 2884 1523 2929 tassearum
1559 2882 1607 2926 et
1643 2877 1767 2940 ciphi
1802 2875 2008 2940 capitulo
2046 2874 2350 2924 Brechinensi
2375 2890 2462 2939 per

539 2975 573 3021 J
577 2975 809 3022 ohannem
836 2972 1124 3036 Episcopum
1150 2968 1514 3018 Brechinensem
1555 2994 1564 3002 ·

453 3111 516 3156 39
551 3098 628 3176 In
665 3127 853 3175 nomine
901 3124 1095 3173 Domini
1131 3125 1284 3170 Amen
1322 3150 1332 3159 ·
1368 3123 1509 3168 Anno
1554 3118 1893 3167 incarnacionis
1939 3119 2169 3166 dominice
2216 3117 2462 3165 millesimo

543 3215 1004 3280 quadringentesimo
1026 3211 1265 3261 tricesimo
1285 3213 1452 3274 quarto
1474 3209 1648 3257 mensis
1669 3223 1779 3256 vero
1798 3206 1975 3270 Aprilis
1999 3207 2074 3255 die
2098 3207 2279 3254 decimo
2297 3209 2463 3269 quarto
