2950 3970
619 629 1084 687 REGISTRUM
1121 633 1660 692 EPISCOPATUS
1701 636 2286 693 BRECHINENSIS.
2338 639 2441 694 231

522 821 710 864 monete
733 819 943 880 predicte
982 849 991 858 ·
1030 821 1088 868 In
1115 821 1190 868 die
1214 822 1473 870 animarum
1492 826 1720 872 tredecim
1739 825 1914 873 solidos
1938 829 1986 871 et
2014 829 2211 887 quatuor
2234 825 2447 872 denarios

524 910 712 954 monete
758 909 968 970 predicte
1007 937 1017 947 -
1055 911 1113 956 In
1153 911 1228 958 die
1266 912 1538 975 parasiphes
1578 911 1903 977 [parasceves]
1943 913 2182 965 annuatim
2219 913 2442 960 tredecim

523 993 701 1043 solidos
737 1000 786 1044 et
825 1002 1027 1060 quatuor
1064 999 1281 1047 denarios
1318 1004 1505 1048 monete
1529 1001 1740 1063 predicte
1778 1029 1788 1037 ·
1825 999 1882 1047 I'n
1922 1000 1997 1047 die
2035 1000 2198 1048 Sancti
2240 1000 2439 1047 Ternani

521 1083 803 1133 confessoris
826 1086 952 1148 apud
972 1085 1220 1135 ecclesiam
1245 1087 1562 1149 parochialem
1586 1089 1644 1135 de
1670 1089 1919 1136 Tannedes
1942 1088 2169 1135 tredecim
2193 1087 2369 1136 solidos
2393 1091 2440 1133 et

522 1175 724 1233 quatuor
761 1173 979 1222 denarios
1030 1175 1272 1222 annuatim
1310 1203 1320 1211 ·
1358 1175 1415 1222 In
1466 1175 1541 1241 die
1588 1176 1744 1223 obitus
1790 1175 1881 1223 mei
1928 1176 2168 1223 annuatim
2215 1175 2439 1223 tredecim

522 1259 699 1308 solidos
722 1265 771 1307 et
796 1265 997 1324 quatuor
1020 1263 1249 1310 denarios-
1259 1267 1448 1311 monete
1472 1264 1731 1326 prescripte
1770 1291 1780 1302 ·
1818 1263 1940 1311 Volo
1964 1265 2152 1326 insuper
2187 1268 2235 1310 et
2269 1263 2435 1311 stricte

521 1349 684 1394 ordino
709 1350 832 1411 quod
856 1350 896 1397 si
921 1350 1076 1398 dictus
1100 1350 1370 1413 capellanus
1403 1355 1486 1399 aut
1521 1367 1814 1400 successores
1847 1351 1919 1399 sui
1958 1380 1967 1388 ·
2006 1379 2015 1388 ·
2055 1379 2064 1388 -
2102 1350 2359 1398 defecerint
2394 1350 2439 1395 in

520 1436 682 1483 debita
726 1437 1134 1486 administratione
1170 1443 1219 1486 et
1257 1438 1595 1487 deliberatione
1631 1439 1990 1487 elemosinarum
2030 1439 2344 1501 predictarum
2387 1442 2440 1484 ut

519 1525 824 1587 prescribitur
862 1555 871 1564 ·
913 1555 922 1564 ·
962 1555 971 1564 ·
1008 1527 1082 1574 vel
1106 1528 1426 1576 recusauerint
1450 1529 1509 1575 ad
1535 1529 1739 1575 dandum
1758 1527 2079 1588 juramentum
2114 1526 2356 1574 fidelitatis
2381 1526 2438 1571 de

513 1613 648 1674 justa
679 1614 1088 1663 administratione
1131 1615 1364 1663 dictarum
1412 1615 1769 1663 elemosinarum
1808 1643 1817 1652 ·
1859 1644 1868 1652 ·
1907 1644 1917 1652 ·
1953 1620 2151 1678 patrono
2194 1614 2434 1661 annuatim

518 1703 643 1764 quod
680 1701 952 1764 capellanus
976 1703 1197 1750 deficiens
1227 1705 1275 1750 in
1313 1703 1551 1765 premissis
1589 1707 1637 1750 et
1675 1703 1862 1765 cognita
1894 1703 2057 1750 fraude
2081 1702 2432 1750 elemosinarum

517 1790 833 1852 predictarum
860 1806 916 1838 eo
939 1791 1068 1839 facto
1105 1795 1383 1838 amoueatur
1418 1807 1449 1838 a
1485 1791 1614 1838 dicta
1637 1790 1898 1853 capellania
1935 1819 1944 1828 ·
1982 1818 1992 1828 ·
2031 1818 2041 1827 ·
2079 1791 2143 1837 Et
2172 1790 2292 1838 alius
2329 1818 2338 1826 ·
2379 1817 2387 1826 ·
2428 1817 2436 1825 ·

517 1881 815 1941 presentetur
853 1906 861 1915 ·
902 1879 1062 1926 Etiam
1097 1879 1202 1926 volo
1237 1879 1360 1942 quod
1394 1879 1580 1941 prefata
1603 1894 1707 1926 mea
1742 1878 1994 1926 elemosina
2016 1893 2198 1940 semper
2221 1878 2436 1924 ebdomo-

518 1972 663 2019 datim
702 1976 750 2019 et
785 1972 1026 2019 annuatim
1064 1971 1253 2019 dabitur
1292 1971 1573 2034 pauperibus
1614 1976 1666 2019 ut
1706 1970 2008 2034 prescribitur
2041 1971 2215 2032 absque
2240 1969 2435 2016 diminu—

516 2060 645 2107 tione
670 2060 887 2124 quamuis
925 2060 1055 2107 dicta
1090 2064 1364 2107 tenementa
1400 2076 1484 2122 per
1521 2075 1657 2108 casus
1679 2059 1900 2107 fortuitos
1924 2060 2225 2107 destruantur
2261 2086 2271 2095 ·
2309 2058 2373 2104 Et
2397 2058 2434 2104 si

516 2148 586 2195 ita
625 2148 687 2197 sit
728 2149 852 2211 quod
894 2147 1165 2210 capellanus
1206 2164 1297 2194 non
1343 2152 1502 2210 potest
1549 2149 1747 2210 desuper
1783 2147 2039 2195 sustentari
2087 2147 2144 2194 In
2191 2147 2278 2193 hoc
2325 2160 2434 2192 casu

515 2237 689 2284 habeat
712 2236 953 2284 licentiam
977 2236 1244 2284 ministrare
1281 2237 1328 2282 in
1363 2235 1457 2283 alio
1481 2236 1675 2286 seruitio
1699 2251 1843 2298 usque
1878 2236 1938 2282 ad
1974 2234 2313 2297 reparationem
2339 2233 2433 2279 dic-

515 2330 672 2373 torum
695 2329 1073 2373 tenementorum
1112 2353 1121 2362 ·
1160 2324 1375 2372 Ulterius
1397 2323 1503 2372 volo
1538 2325 1662 2387 quod
1696 2324 1735 2371 si
1771 2323 2011 2385 contingat
2036 2322 2210 2368 dictum
2236 2319 2434 2383 capella-

515 2431 626 2461 num
663 2418 746 2462 aut
783 2429 895 2462 suos
931 2428 1225 2462 successores
1248 2427 1332 2475 per
1354 2411 1557 2475 spatium
1592 2411 1753 2473 viginti
1790 2411 1966 2457 dierum
1990 2410 2111 2471 apud
2149 2424 2199 2456 sc
2235 2408 2434 2455 retinere

515 2504 738 2551 focariam
768 2502 1023 2564 ¹cognitam
1064 2517 1147 2549 seu
1188 2500 1421 2548 notoriam
1463 2504 1512 2547 et
1550 2515 1600 2547 se
1638 2499 1866 2560 corrigere
1902 2500 2086 2544 recusat
2124 2524 2134 2532 ·
2174 2524 2183 2532 ·
2223 2523 2231 2532 ·
2267 2495 2431 2542 statim

517 2592 705 2654 cognita
727 2591 929 2639 veritate
953 2605 1093 2638 cause
1130 2606 1161 2636 a
1199 2590 1328 2636 dicta
1364 2605 1450 2636 sua
1486 2587 1745 2651 capellania
1779 2588 2051 2633 amoueatur
2088 2611 2097 2620 ·
2133 2611 2142 2620 ·
2182 2611 2191 2619 ·
2228 2586 2275 2629 et
2310 2581 2430 2628 alius

520 2710 529 2718 ·
569 2709 579 2718 ·
619 2709 628 2718 ·
664 2683 963 2744 presentetur
1000 2707 1010 2716 ·
1049 2678 1172 2726 Volo
1213 2679 1357 2726 etiam
1394 2681 1443 2725 et
1480 2677 1645 2725 stricte
1680 2675 1843 2722 ordino
1878 2673 1999 2735 quod
2036 2669 2305 2733 capellanus
2345 2684 2429 2730 pro

515 2775 728 2833 tempore
764 2772 950 2817 tantum
988 2767 1186 2829 recipiat
1223 2765 1467 2814 annuatim
1502 2764 1655 2811 dictas
1689 2761 1996 2824 quadraginta
2030 2772 2210 2805 marcas
2244 2759 2429 2803 monete

515 2859 728 2922 predicte
753 2858 811 2904 de
838 2856 979 2904 dictis
997 2854 1281 2903 tenementis
1318 2882 1327 2890 -
1367 2881 1376 2890 ·
1416 2881 1426 2890 ·
1461 2850 1790 2914 suprascriptis
1807 2864 1890 2911 pro
1909 2845 2249 2894 sustentatione
2274 2859 2357 2891 sua
2380 2847 2428 2890 et

515 2945 781 2995 huiusmodi
817 2947 1191 2992 tenementorum
1230 2970 1239 2979 ·
1279 2942 1343 2988 Et
1382 2941 1505 3003 quod
1544 2937 1813 3001 capellanus
1847 2951 1932 2998 pro
1955 2938 2165 2996 tempore
2188 2931 2426 2978 annuatim

515 3034 564 3081 in
589 3034 665 3081 die
688 3033 846 3081 obitus
868 3032 961 3079 mei
985 3032 1042 3078 de
1068 3031 1195 3078 dicta
1218 3044 1398 3078 summa
1421 3026 1730 3090 quadraginta
1746 3038 2003 3071 marcarum
2023 3020 2153 3068 dabit
2175 3017 2428 3082 capellanis

518 3123 648 3170 chori
673 3120 1004 3169 Brechinensis
1027 3118 1322 3183 presentibus
1358 3117 1405 3163 in
1444 3113 1659 3176 exequiis
1697 3116 1746 3159 et
1783 3111 1925 3158 missa
1961 3107 2152 3155 cuilibet
2176 3106 2423 3153 eorundem

520 3209 766 3258 duodecim
806 3207 1024 3255 denarios
1062 3234 1072 3243 ·
1110 3206 1175 3252 Et
1222 3208 1328 3267 post
1370 3201 1595 3264 exequias
1634 3197 1874 3246 annuatim
1921 3193 2178 3257 completas
2224 3193 2424 3255 quinque

520 3300 694 3348 solidos
717 3296 972 3361 capellanis
995 3292 1381 3342 interessentibus
1418 3291 1465 3336 in
1502 3286 1767 3336 huiusmodi
1804 3283 2015 3346 exequiis
2049 3284 2155 3344 post
2188 3279 2423 3327 meridiem
