3034 3990
371 940 433 977 91.

367 1192 431 1229 92.

366 1380 428 1416 93.

367 1508 429 1543 94.

366 1697 429 1734 95.

363 1826 425 1863 96.

367 2017 430 2053 97.

364 2144 430 2180 98.

365 2272 430 2310 99.

344 2398 430 2435 100.

340 2526 427 2562 101.

343 2653 429 2690 102.

342 2780 429 2817 103.

346 2970 433 3008 104.

345 3158 431 3197 105.

1253 574 1714 632 TABULA.
2305 548 2309 549 ⁷
2545 586 2601 638 a

556 748 796 789 Schoriswod
817 748 975 786 fratrem
1001 760 1224 798 germanum
1247 750 1406 800 Georgii
1436 752 1618 803 Episcopi
1647 755 1913 793 Brechinensis
1933 760 1972 796 et
1991 758 2210 807 magistrum
2230 758 2356 797 Dauid
2387 760 2534 798 Gutbre
2552 762 2598 798 de

554 812 830 862 Kyncaldrum.
888 809 956 863 [28
976 811 1070 849 Jan.
1093 812 1278 851 1459-60.
1298 813 1351 851 fo.
1372 815 1504 865 xxviij,
1525 814 1583 867 b.]

487 940 712 978 Declaratio
742 939 892 977 Thome
921 937 1105 986 Episcopi
1134 937 1420 976 Dunkeldensis
1447 939 1475 977 J
1482 939 1602 978 udicis
1631 943 1948 991 compromissarii
1977 956 2091 993 super
2118 946 2305 985 solutione
2326 960 2468 985 summe
2487 949 2598 985 trium

552 1002 734 1039 librarum
764 1001 1022 1039 Tliezaurario
1053 1000 1315 1048 Brechinensi,
1343 1007 1382 1039 et
1410 1001 1566 1041 Vicario
1595 1002 1841 1043 Brechinensi
1862 1019 1927 1043 sex
1955 1007 2159 1045 solidorum
2181 1015 2219 1046 et
2243 1014 2331 1048 octo
2348 1010 2595 1056 denariorum,

553 1078 621 1114 per
642 1064 847 1102 Rectorem
868 1064 1031 1102 ecclesie
1051 1063 1277 1112 parochialis
1296 1064 1343 1102 de
1365 1065 1541 1115 Kynnell.
1598 1064 1665 1117 [17
1689 1067 1781 1105 Feb.
1804 1069 1959 1109 1466-7.
1978 1070 2030 1108 fo.
2051 1071 2184 1123 cxxij.]

488 1190 605 1230 Carta
623 1190 651 1229 J
656 1191 766 1229 acobi
797 1189 993 1227 Wischart
1013 1201 1128 1237 super
1154 1190 1373 1228 vendit-ione
1392 1191 1503 1228 unius
1521 1194 1734 1232 tenementi
1755 1193 1931 1233 Ciuitatis
1954 1195 2220 1236 Brechinensis
2237 1198 2340 1236 facta
2360 1198 2487 1236 Dauid
2508 1199 2593 1237 Rait

548 1259 587 1291 et
607 1255 686 1291 suis
705 1253 923 1291 heredibus.
982 1250 1025 1303 [3
1044 1253 1134 1291 Jan.
1157 1253 1315 1290 1471-2.
1337 1253 1387 1291 fo.
1409 1253 1537 1307 xliiij.]

487 1378 721 1428 Preceptum
743 1378 890 1418 Saisine
911 1378 1042 1416 Dauid
1064 1377 1155 1422 Rait
1174 1392 1289 1428 super
1307 1379 1411 1418 dicto
1431 1386 1660 1419 tenemento.
1718 1381 1760 1433 [3
1779 1382 1868 1421 Jan.
1891 1385 2046 1423 1471-2.
2066 1385 2116 1423 fo.
2138 1386 2244 1437 xliiij,
2265 1386 2320 1439 b.]

484 1505 643 1545 Erectio
671 1505 901 1621 {arochialis
931 1504 1094 1543 ecclesie
1121 1505 1170 1543 de
1200 1505 1450 1556 Fynnewyne
1477 1508 1515 1544 in
1545 1508 1810 1547 canonicatum
1838 1513 1877 1546 et
1904 1510 2144 1558 prebendam.
2201 1511 2268 1563 [13
2298 1513 2384 1562 Sep.
2414 1513 2523 1549 1474.
2544 1513 2595 1547 so.

547 1571 666 1621 lxxvj.
1015 1575 1017 1577 ’

488 1698 790 1735 Instrumentum
817 1697 973 1735 Andr-ee
996 1697 1091 1734 Blak
1117 1710 1232 1747 super
1251 1697 1428 1736 secundis
1447 1697 1605 1736 decimis
1624 1698 1671 1736 de
1690 1699 1725 1736 le
1745 1698 1906 1736 Mernis.
1963 1696 2031 1749 [13
2049 1699 2150 1739 Nov.
2172 1700 2303 1752 1476]

482 1824 694 1863 Decretum
722 1824 976 1862 Dominorum
1008 1824 1167 1862 Consilii
1195 1837 1309 1874 super
1334 1825 1511 1863 secundis
1538 1825 1696 1863 decimis
1715 1831 1899 1863 terrarum
1919 1826 2061 1864 domini
2079 1827 2126 1865 de
2149 1827 2329 1866 Rothoiss
2349 1826 2591 1865 existentium

549 1889 588 1926 in
609 1889 756 1926 Mernis
776 1894 950 1938 tempore
972 1886 1098 1926 warde
1119 1889 1337 1926 earundem.
1396 1887 1462 1940 [21
1484 1889 1563 1927 Jul.
1586 1890 1696 1926 1477.
1718 1890 1769 1926 fo.
1789 1889 1840 1934 iv,
1860 1888 1917 1941 b.]

486 2016 549 2054 De
570 2016 750 2054 secundis
768 2015 930 2053 decimis
949 2015 997 2053 de
1018 2014 1224 2064 Meirnyss.
1283 2013 1351 2066 [13
1372 2015 1479 2066 Aug.
1503 2017 1614 2054 1477.
1635 2017 1687 2053 fo.
1704 2016 1807 2066 cviij‚
1827 2014 1883 2067 b.]

482 2142 600 2182 Aliud
621 2143 924 2181 Instrumentum
946 2141 1151 2180 earundem
1171 2141 1416 2179 decimarum.
1475 2139 1544 2192 [20
1565 2142 1666 2180 Nov.
1690 2144 1802 2181 1477.
1822 2143 1872 2180 fo.
1894 2142 1960 2194 ix.]

485 2270 608 2308 Aliud
627 2271 922 2308 instrumentum
942 2269 1148 2307 earundem
1167 2268 1412 2306 decimarum.
1470 2267 1539 2319 [20
1559 2269 1649 2319 Maij
1674 2270 1786 2307 1479.
1806 2270 1857 2307 fo.
1878 2282 1913 2316 x,
1936 2268 1991 2320 b.]

485 2397 788 2435 Instrumentum
817 2397 962 2434 domini
988 2394 1128 2434 Jacobi
1154 2394 1340 2432 Willelmi
1367 2407 1481 2443 super
1509 2395 1685 2432 secundis
1713 2394 1882 2432 decimis.
1938 2391 2006 2444 [25
2029 2393 2133 2431 Nov.
2157 2393 2268 2429 1479.
2285 2391 2337 2430 fo.
2359 2391 2455 2442 viij-[l

482 2524 601 2562 Aliud
621 2524 923 2562 Instrumentum
943 2522 1149 2561 earundem
1169 2521 1415 2559 decimarum.
1472 2518 1514 2571 [3
1534 2520 1560 2557 J
1564 2520 1612 2558 ul.
1636 2520 1748 2557 1480.
1768 2519 1819 2557 fo.
1839 2519 1912 2571 xj.]

485 2650 603 2689 Aliud
623 2651 925 2690 Instrumentum
946 2649 1165 2688 earundem.
1221 2645 1289 2698 [26
1309 2647 1390 2685 Jul.
1414 2648 1526 2684 1484.
1545 2646 1597 2684 fo.
1619 2646 1697 2696 viij,
1718 2645 1775 2698 b.]

487 2779 603 2817 Carta
638 2777 780 2816 Jacobi
820 2778 941 2827 Regis
975 2777 1177 2815 Scotorum
1218 2774 1526 2813 Confirmationis
1564 2779 1750 2810 cartarum
1789 2770 1917 2809 Dauid
1951 2771 2068 2820 Regis
2099 2769 2226 2808 Scotie
2259 2771 2371 2807 trium
2407 2774 2590 2805 cartarum

552 2843 713 2880 Roberti
733 2842 857 2880 Ducis
876 2841 1046 2880 Albanie
1066 2845 1106 2877 et
1126 2840 1239 2877 unius
1257 2839 1395 2877 Jacobi
1419 2838 1537 2886 Regis
1558 2836 1697 2874 Scotie.
1753 2832 1822 2886 [20
1843 2835 1943 2872 Nov.
1964 2835 2075 2871 1483.
2091 2834 2143 2871 fo.
2167 2831 2219 2885 1.]

493 2969 742 3008 Confirmatio
773 2968 889 3007 Carte
917 2967 1179 3016 inquisitionis
1197 2965 1300 3004 facte
1327 2965 1375 3002 de
1403 2962 1579 3001 secundis
1598 2962 1756 2998 decimis
1775 2960 1822 2997 de
1843 2959 2023 3008 Mernyss
2050 2959 2097 2996 de
2125 2939 2301 2996 mandato
2319 2956 2346 2994 J
2350 2956 2458 2994 acobi
2478 2955 2594 3004 Regis

553 3033 758 3071 Scotorum
779 3030 938 3069 secundi
958 3043 1027 3079 per
1045 3029 1072 3068 J
1077 3031 1239 3068 acobum
1259 3029 1415 3067 tertium
1440 3027 1639 3065 Scotorum
1663 3024 1821 3074 Regem.
1878 3020 1944 3073 [17
1965 3022 2044 3060 Jul.
2068 3022 2178 3060 1485.
2197 3021 2248 3059 so.
2269 3034 2327 3065 cv,
2347 3018 2402 3070 b.]

489 3157 738 3196 Confirmatio
768 3156 883 3195 Carte
906 3156 1068 3194 Comitis
1090 3155 1316 3193 Craufurdie
1335 3165 1448 3202 super
1469 3151 1687 3201 Capellania
1705 3150 1863 3188 fundata
1890 3149 1937 3186 ad
1965 3149 2082 3187 altare
2103 3148 2242 3186 Sancte
2264 3146 2468 3183 Katharine
2489 3144 2588 3181 infra

552 3221 767 3259 Ecclesiam
789 3219 1054 3258 Cathedralem
1077 3218 1374 3256 Brechinensem
1395 3216 1442 3252 de
1460 3215 1570 3252 terris
1598 3214 1645 3252 de
1673 3214 1911 3251 Drumcarne
1939 3224 2024 3249 cum
2054 3210 2290 3260 pertinentiis
2312 3208 2528 3258 jacentibus
2552 3207 2587 3242 in

551 3284 720 3322 dominio
739 3283 787 3322 de
809 3283 994 3322 Glenesk.
1045 3280 1120 3343 [19
1139 3282 1219 3320 Jul.
1243 3280 1354 3318 1485.
1375 3279 1426 3317 fo.
1447 3277 1582 3329 xxxv.]

1471 3342 1494 3377 2
