2950 3970
586 634 1053 692 REGISTRUM
1090 638 1630 698 EPISOOPATUS
1670 645 2261 706 BREOHINENSIS.
2339 653 2446 707 125

509 824 666 873 dictus
702 826 989 875 reuerendus
1025 832 1174 890 pater,
1212 845 1335 893 pena
1371 831 1500 894 prius
1537 832 1758 896 imposita
1791 839 1926 898 patet
1960 853 2045 900 per
2080 837 2436 887 instrumentum

507 912 747 976 publicum
770 929 912 962 manu
937 915 1156 978 Magistri
1179 917 1213 964 J
1217 919 1382 968 ohanis
1417 919 1556 968 Steill
1590 922 1805 970 canonici
1840 924 2172 974 Brechinensis
2195 930 2244 974 et
2267 927 2438 975 notarii

507 1001 684 1066 publici
726 1003 961 1066 signatum
1015 1032 1024 1042 ·
1075 1005 1152 1053 De
1193 1010 1243 1054 et
1280 1022 1420 1070 super
1456 1008 1626 1072 quibus
1662 1010 1877 1060 omnibus
1914 1016 1963 1060 et
2002 1012 2194 1076 singulis
2230 1015 2439 1076 prefatus

507 1093 795 1141 reuerendus
828 1097 966 1156 pater
988 1109 1018 1141 a
1040 1110 1115 1142 me
1150 1095 1337 1143 notario
1370 1096 1560 1160 publico
1594 1098 1860 1162 subscripto
1882 1100 1983 1147 fieri
2016 1101 2161 1163 peciit
2195 1101 2432 1165 publicum

506 1182 871 1230 instrumentum
899 1198 983 1230 seu
1006 1182 1197 1246 publica
1230 1184 1544 1234 instrumenta
1580 1214 1591 1224 ·
1628 1186 1755 1234 Acta
1787 1187 1976 1236 fuerunt
2010 1188 2099 1237 hec
2132 1189 2181 1236 in
2216 1189 2437 1252 Capitulo

441 1251 445 1256 ⁸
510 1271 817 1320 Brechinensi
840 1271 927 1319 sub
951 1287 1076 1320 anno
1100 1288 1260 1322 mense
1284 1273 1450 1322 diebus
1473 1273 1730 1322 indictione
1753 1275 2030 1338 pontificatu
2054 1276 2222 1340 quibus
2243 1293 2386 1341 supra
2424 1306 2434 1315 ·

506 1360 814 1409 Presentibus
843 1360 1176 1425 suprascriptis
1209 1361 1449 1410 canonicis
1483 1361 1687 1411 testibus
1710 1363 1770 1409 ad
1795 1363 2023 1426 premissa
2046 1365 2226 1413 vocatis
2260 1365 2438 1428 pariter

506 1454 556 1498 et
579 1449 758 1512 rogatis
795 1478 804 1487 ·

574 1539 641 1587 Et
677 1555 764 1602 ego
802 1539 1038 1588 Patricius
1075 1538 1321 1603 Nycholaij
1347 1540 1595 1603 presbyter
1618 1539 1950 1588 Brechinensis
1973 1540 2186 1590 dioecesis
2225 1526 2451 1604 publicus⁸

506 1627 739 1692 imperiali
779 1628 1040 1677 autoritate
1080 1627 1304 1679 notarius'
1330 1655 1341 1666 ·
1379 1655 1390 1666 ·
1431 1655 1443 1665 ·
1482 1628 1542 1675 In
1583 1628 1723 1675 fidem
1763 1631 1813 1676 et
1858 1627 2176 1676 testimonium
2224 1630 2436 1678 veritatis

506 1718 713 1766 omnium
751 1720 801 1765 et
838 1715 1126 1780 singulorum
1163 1716 1495 1780 premissorum
1532 1742 1543 1753 ·
1580 1715 1646 1763 Et
1683 1714 2109 1763 interlineationem
2142 1717 2279 1765 huius
2307 1718 2433 1765 verbi

505 1806 646 1854 vitari
669 1806 847 1854 factam
872 1805 921 1852 in
944 1805 1080 1867 xxxij
1106 1804 1234 1852 linea
1255 1820 1286 1852 a
1309 1802 1540 1868 principio
1563 1804 1880 1866 computando
1902 1807 2111 1867 approbo
2135 1809 2184 1852 et
2207 1806 2387 1854 ratifioo
2425 1835 2434 1843 ·

453 2031 483 2060 εκ
505 2008 653 2056 Carta
692 2008 726 2054 J
730 2006 930 2055 ohannis
972 2007 1131 2055 Smert
1183 2005 1302 2053 ciuis
1347 2003 1558 2052 ciuitatis
1605 2002 1935 2051 Brechinensis
1981 2019 2120 2066 super
2162 2003 2433 2051 fundatione

505 2095 766 2160 capellanie
789 2096 849 2143 ad
873 2094 1025 2144 altare
1051 2093 1217 2143 Sancti
1242 2091 1492 2141 CrIstofori
1515 2091 1637 2139 infra
1661 2090 1908 2139 ecclesiam
1936 2091 2297 2140 Brechinensem
2337 2120 2346 2129 ·

418 2255 481 2302 66
516 2222 789 2303 Omnibus
833 2252 956 2300 hanc
999 2254 1179 2299 cartam
1228 2247 1396 2296 visuris
1433 2246 1507 2295 vel
1544 2245 1776 2294 audituris
1823 2245 1856 2291 J
1861 2245 2068 2293 ohannes
2114 2245 2270 2292 Smert
2306 2244 2434 2292 Ciuis

507 2341 843 2393 Brechinensis
883 2369 892 2378 -
932 2369 942 2378 ·
982 2368 993 2377 -
1029 2337 1204 2387 Sciatis
1249 2353 1324 2384 me
1370 2351 1476 2383 cum
1511 2349 1737 2382 consensu
1785 2336 1834 2380 et
1880 2347 2072 2381 assensu
2110 2361 2119 2370 ·
2158 2360 2168 2369 ·
2207 2360 2217 2370 ·
2253 2332 2427 2379 domini

503 2435 539 2482 J
542 2433 742 2483 ohannis
778 2459 788 2470 ·
829 2459 838 2469 ·
879 2458 888 2468 ·
927 2427 1152 2492 Episcopi
1188 2423 1520 2474 Brechinensis
1560 2421 1745 2469 Decani
1789 2424 1837 2469 et
1884 2419 2091 2483 Capituli
2126 2420 2331 2468 eiusdem
2368 2421 2428 2466 ad

504 2524 694 2572 laudem
733 2525 783 2569 et
818 2518 1016 2583 gloriam
1053 2513 1390 2578 omnipotentis
1422 2511 1515 2558 Dei
1552 2514 1602 2558 et
1635 2508 1905 2557 beatissime
1943 2508 2095 2555 Marie
2131 2507 2340 2570 Virginis
2373 2522 2429 2554 ac

501 2611 632 2660 beati
657 2608 905 2658 Cristofori
939 2605 1147 2654 martiris
1169 2631 1193 2662 μ
1231 2603 1426 2650 Necnon
1467 2603 1515 2647 et
1553 2597 1758 2646 omnium
1794 2595 1983 2644 celestis
2006 2595 2134 2642 curie
2157 2599 2424 2643 sanctorum

504 2702 652 2749 libere
694 2697 880 2746 dedisse
917 2723 926 2734 ·
968 2723 978 2732 ·
1017 2722 1026 2732 ·
1064 2694 1152 2741 deo
1190 2720 1201 2729 -
1240 2719 1250 2728 ·
1289 2717 1299 2728 ·
1336 2692 1385 2737 et
1432 2686 1647 2735 omnibus
1691 2684 1870 2733 sanctis
1914 2683 2197 2746 supradictis
2241 2698 2298 2730 ac
2344 2684 2423 2730 uni

507 2787 766 2854 Capellano
804 2786 865 2833 ad
906 2783 1058 2832 altare
1095 2779 1260 2828 Sancti
1301 2774 1549 2825 Cristofori
1594 2772 1802 2820 martiris
1835 2771 1883 2818 in
1918 2770 2119 2819 ecclesia
2163 2772 2422 2819 cathedrali

507 2875 815 2927 Brechinensi
855 2871 1018 2921 diuina
1062 2865 1320 2916 celebranti
1366 2867 1415 2912 et
1462 2862 1558 2911 suis
1608 2858 1952 2909 successoribus
1989 2886 2000 2896 ·
2038 2886 2048 2895 ·
2087 2886 2097 2896 ·
2135 2859 2228 2906 Pro
2274 2859 2426 2908 salute

504 2967 661 3016 anime
714 2979 820 3012 mee
862 2965 912 3009 et
956 2959 1227 3020 Margarete
1266 2952 1428 3001 uxor1s
1481 2965 1582 2997 mee
1631 2951 1680 2995 et
1725 2947 1984 2994 animarum
2030 2946 2181 3009 patris
2227 2948 2320 2995 mei
2371 2953 2419 2996 et

505 3060 857 3104 antecessorum
880 3053 929 3096 et
953 3058 1272 3097 successorum
1297 3055 1505 3088 meorum
1537 3040 1587 3085 et
1624 3035 1829 3084 omnium
1853 3034 2036 3082 illorum
2062 3034 2229 3097 quibus
2253 3035 2426 3099 deliqui

506 3149 555 3192 et
579 3142 826 3190 emendam
850 3135 1129 3198 condignam
1152 3147 1246 3179 non
1269 3128 1360 3177 feci
1391 3142 1448 3174 ac
1483 3124 1689 3174 omnium
1724 3121 1930 3170 fidelium
1952 3120 2280 3171 defunctorum
2319 3152 2328 3161 ·
2367 3126 2423 3171 In

506 3246 671 3295 puram
696 3233 745 3277 et
768 3229 1046 3291 perpetuam
1070 3217 1359 3269 elimosinam
1383 3218 1536 3263 totum
1574 3215 1624 3260 et
1661 3211 1891 3273 integrum
1928 3214 2248 3259 tenementum
2271 3229 2424 3260 meum

508 3337 614 3371 cum
652 3313 952 3383 pertinentiis
981 3311 1146 3374 jacens
1182 3322 1243 3354 ex
1280 3307 1415 3369 parte
1439 3298 1660 3350 orientali
1695 3298 1952 3347 communis
1975 3298 2066 3346 vici
2090 3298 2197 3346 ville
2236 3300 2427 3348 Brechi-
