2950 3970
664 643 1134 702 REGISTRUM
1173 647 1713 706 EPISCOPATUS
1753 653 2345 716 BRECHINENSIS.
2387 664 2453 716 51

518 833 651 879 statu
697 849 791 897 quo
837 835 1003 882 eadem
1050 836 1225 899 recepit
1264 864 1273 874 ·
1312 837 1521 893 Quilibet
1566 844 1725 888 autem
1773 842 2119 905 capellanorum
2166 847 2360 910 recipiet
2396 854 2444 896 et

517 919 711 969 habebit
752 923 997 970 annuatim
1038 925 1097 972 ad
1142 925 1259 973 duos
1299 927 1410 974 anni
1455 928 1682 977 terminos
1721 941 1807 993 per
1845 931 2036 994 equales
2074 934 2315 996 portiones
2361 952 2445 999 per

514 1023 682 1058 manus
717 1010 834 1058 dicti
869 1012 1189 1074 procuratoris
1213 1015 1375 1062 decem
1399 1015 1544 1064 libras
1567 1021 1754 1065 monete
1778 1034 1863 1081 pro
1886 1022 2098 1083 tempore
2121 1023 2352 1072 currentis
2386 1025 2443 1071 de

514 1096 656 1146 dictis
710 1097 762 1146 xl
811 1098 944 1148 libris
995 1128 1006 1138 ·
1059 1100 1152 1155 Qui
1202 1118 1312 1150 vero
1351 1103 1466 1151 dicti
1525 1105 1619 1153 duo
1675 1105 1906 1169 capellani
1976 1110 2319 1172 supportabant
2392 1116 2440 1160 et

511 1186 812 1236 sustinebunt
847 1204 1010 1238 omnes
1046 1194 1096 1237 et
1131 1190 1338 1254 singulas
1371 1207 1671 1256 quascunque
1707 1194 1914 1243 minutas
1948 1197 2278 1259 reparaciones
2310 1199 2437 1247 dicte

511 1275 678 1325 domus
713 1277 939 1325 meremio
962 1279 1202 1341 superiore
1237 1280 1355 1328 tecti
1391 1271 1697 1329 renouatione
1734 1286 1785 1330 et
1819 1283 2051 1345 parietum
2087 1300 2170 1333 seu
2204 1301 2437 1334 murorum

509 1364 861 1414 reedificatione
885 1366 1121 1415 duntaxat
1145 1368 1362 1431 exceptis
1397 1384 1514 1432 quas
1548 1385 1740 1432 magnas
1775 1371 2101 1434 reparaciones
2123 1373 2250 1421 dicte
2274 1374 2439 1423 domus

509 1452 625 1502 dicti
649 1454 857 1503 decanus
894 1458 943 1502 et
981 1455 1239 1519 capitulum
1278 1472 1363 1519 pro
1400 1461 1628 1520 perpetuo
1651 1459 1854 1522 propriis
1876 1460 1973 1508 suis
1996 1463 2215 1524 expensis
2237 1462 2437 1511 sustine-

507 1542 626 1591 bunt
662 1543 806 1592 simili
842 1547 974 1593 statu
1009 1543 1058 1591 in
1093 1544 1391 1608 reparatione
1428 1549 1477 1593 et
1513 1545 1810 1594 edificatione
1850 1547 1973 1595 sicut
2008 1548 2184 1596 eisdem
2225 1565 2310 1613 per
2349 1567 2435 1599 nos

503 1636 720 1696 tempore
743 1633 894 1696 prime
913 1632 1207 1682 fundationis
1230 1637 1280 1681 et
1304 1633 1615 1682 edificationis
1633 1634 1851 1682 edificata
1867 1635 2021 1683 fuerat
2045 1641 2094 1684 et
2118 1641 2384 1686 constructa
2421 1667 2431 1676 ·

506 1721 669 1770 Etiam
695 1721 907 1770 volumus
931 1722 1056 1785 quod
1081 1721 1279 1785 quilibet
1311 1737 1394 1770 sex
1429 1738 1676 1786 puerorum
1700 1723 2015 1785 predictorum
2039 1724 2237 1787 recipiat
2259 1741 2434 1773 annua-

501 1811 590 1858 tim
613 1827 699 1875 per
722 1810 901 1859 dictum
925 1814 1278 1873 procuratorem
1313 1814 1366 1858 ut
1401 1810 1660 1874 predicitur
1683 1811 1886 1874 quinque
1909 1827 2091 1860 marcas
2113 1814 2255 1860 annui
2281 1814 2432 1862 reddi-

500 1904 580 1948 tus
619 1900 824 1963 predicti
862 1915 1106 1963 quousque
1146 1899 1395 1962 perueniat
1442 1900 1503 1946 ad
1550 1903 1727 1947 etatem
1766 1899 1932 1961 viginti
1979 1915 2203 1948 annorum
2251 1905 2299 1949 et
2339 1917 2429 1950 non

500 1988 627 2037 ultra
665 2017 675 2026 ·
713 1988 875 2037 Etiam
913 1987 1126 2037 volumus
1167 1988 1291 2051 quod
1327 1987 1409 2035 alii
1446 1988 1538 2035 duo
1573 1987 1822 2051 presbiteri
1858 2003 1963 2035 cum
1998 1989 2172 2037 nostris
2206 1989 2430 2052 predictis

499 2077 775 2140 presbiteris
798 2077 847 2124 in
871 2077 1039 2125 eadem
1065 2077 1204 2124 domo
1227 2079 1327 2123 tam
1352 2077 1400 2123 in
1425 2075 1624 2123 cameris
1647 2091 1788 2138 quam
1823 2076 1872 2122 in
1906 2092 2067 2124 mensa
2090 2080 2139 2124 et
2162 2076 2268 2126 aliis
2304 2078 2428 2125 dicte

499 2167 666 2214 domus
689 2165 985 2214 aisiamentis
1008 2169 1057 2213 et
1086 2164 1388 2228 pertinentiis
1411 2164 1764 2227 quibuscunque
1801 2164 1896 2212 sint
1933 2164 2072 2212 simul
2094 2164 2355 2214 residentes
2379 2170 2428 2214 et

497 2259 845 2304 commorantes
880 2258 1078 2318 quorum
1114 2255 1310 2301 duorum
1345 2253 1711 2316 presbiterorum
1746 2268 1888 2299 unum
1922 2252 2124 2301 sustinet
2148 2254 2353 2302 decanus
2377 2258 2425 2301 et

497 2343 757 2408 capitulum
793 2358 1107 2407 expensarum
1142 2345 1191 2390 et
1224 2341 1537 2405 proficuorum
1572 2342 1630 2387 de
1666 2340 1865 2389 diuersis
1909 2341 2045 2389 bonis
2089 2345 2139 2389 et
2183 2341 2420 2390 beneficiis

496 2449 582 2497 per
616 2448 703 2482 nos
737 2432 855 2496 ipsis
887 2433 947 2479 ad
982 2432 1074 2479 hoc
1108 2429 1296 2478 collatis
1332 2458 1342 2467 ·
1379 2430 1446 2477 Et
1492 2428 1635 2476 alium
1681 2428 1882 2477 sustinet
1928 2428 2174 2492 episcopus
2220 2430 2420 2492 propriis

496 2522 720 2586 expensis
758 2537 847 2585 pro
887 2520 1020 2568 cuius
1059 2518 1310 2583 presbiteri
1351 2517 1698 2566 sustentatione
1731 2531 1789 2564 ac
1822 2515 1930 2564 aliis
1974 2516 2072 2565 suis
2111 2517 2412 2566 benemeritis

495 2611 632 2660 nobis
668 2610 827 2674 sepius
863 2608 1088 2672 impensis
1125 2608 1183 2655 de
1225 2606 1441 2655 omnibus
1475 2605 1629 2653 missis
1662 2603 1957 2653 oracionibus
1992 2604 2251 2668 ceterisque
2286 2605 2420 2653 bonis

494 2701 677 2749 meritis
711 2698 927 2748 omnibus
961 2713 1046 2761 per
1080 2696 1236 2744 dictos
1271 2693 1539 2758 capellanos
1573 2693 1913 2756 imperpetuum
1947 2708 2033 2756 pro
2066 2693 2200 2742 nobis
2234 2697 2283 2740 et
2317 2708 2420 2742 sue-

494 2789 758 2838 cessoribus
791 2787 966 2836 nostris
1000 2785 1164 2833 fiendis
1199 2784 1377 2832 dictum
1412 2782 1716 2830 reuerendum
1750 2781 1798 2828 in
1834 2781 1990 2829 Cristo
2023 2785 2206 2844 patrem
2239 2782 2273 2828 J
2277 2782 2419 2830 ohan-

492 2895 600 2927 nem
642 2877 914 2942 episcopum
954 2874 1228 2922 modernum
1276 2871 1654 2933 Brechynensem
1690 2868 1969 2932 participem
2017 2869 2220 2916 facimus
2253 2869 2421 2932 imper-

492 2972 690 3031 petuum
715 2963 954 3014 duraturis
987 2990 998 3001 ·
1037 2960 1397 3009 Presentatione
1419 2963 1578 3006 tamen
1604 2956 1718 3004 dicti
1742 2956 1991 3019 presbiteri
2014 2972 2099 3019 per
2121 2957 2347 3004 decanum
2365 2962 2414 3006 et

492 3055 750 3120 capitulum
775 3051 1030 3102 sustentati
1066 3053 1115 3098 et
1150 3047 1411 3098 sustinendi
1433 3046 1568 3093 nobis
1591 3049 1639 3092 et
1663 3044 1836 3092 nostris
1860 3044 2204 3094 successoribus
2226 3045 2413 3108 penitus

488 3147 729 3194 reservata
752 3140 1125 3206 quandocunque
1149 3135 1400 3198 eontigerit
1424 3134 1639 3180 invacare
1681 3159 1690 3169 ·
1728 3132 1879 3180 Missa
1902 3147 2012 3180 vero
2050 3131 2280 3195 capellani
2311 3148 2411 3181 sus-

490 3232 674 3282 tinendi
709 3247 795 3296 per
831 3231 1059 3277 decanum
1095 3230 1144 3274 et
1180 3222 1436 3287 capitulum
1474 3222 1554 3268 fiet
1591 3222 1650 3268 ad
1685 3219 1835 3267 altare
1870 3223 2031 3268 nostre
2055 3220 2259 3268 Domine
2292 3236 2412 3269 sem—

492 3340 576 3387 per
610 3320 877 3385 ineipiendo
911 3318 959 3364 in
995 3315 1200 3364 secundo
1234 3311 1368 3375 pulsu
1405 3311 1463 3358 ad
1500 3308 1757 3357 matutinas
1792 3309 1919 3356 omni
1963 3313 2175 3371 tempore
2219 3308 2328 3356 anni
2363 3314 2411 3356 et
