2950 3970
525 651 633 704 194
693 650 1159 706 REGISTRUM
1197 653 1743 710 EPISCOPATUS
1783 654 2383 709 BRECHINENSIS.

524 838 778 886 heredibus
814 839 911 887 suis
949 843 998 886 et
1034 839 1287 902 assignatis
1326 845 1479 888 totam
1517 846 1566 889 et
1599 842 1831 906 integram
1867 847 2042 891 terram
2079 843 2209 890 illam
2248 842 2468 890 Wastam

525 926 798 988 wulgariter
822 927 997 975 dictam
1022 927 1067 974 le
1092 928 1440 976 constabilland
1457 930 1702 991 jacentem
1721 930 1770 978 in
1795 931 1994 978 ciuitate
2014 930 2324 978 Brechinensi
2345 930 2470 976 inter

523 1020 678 1063 terras
712 1016 963 1063 Laurencii
998 1017 1192 1078 Smytht
1225 1033 1286 1064 ex
1321 1021 1458 1080 parte
1493 1018 1780 1066 occidentali
1817 1034 1879 1066 ex
1917 1023 2054 1082 parte
2099 1034 2191 1066 una
2232 1022 2282 1066 et
2316 1022 2470 1065 terras

528 1103 683 1151 Ebote
719 1104 905 1151 Fenton
938 1120 998 1150 ex
1038 1108 1174 1167 parte
1198 1104 1418 1152 orientali
1453 1121 1514 1152 ex
1549 1109 1686 1168 parte
1709 1105 1864 1154 altera
1887 1107 2226 1154 extendentem
2250 1106 2299 1152 in
2322 1105 2471 1168 longi-

524 1191 689 1238 tudine
714 1207 878 1240 versus
901 1193 1026 1238 viam
1051 1193 1226 1254 regiam
1263 1209 1353 1255 que
1393 1193 1524 1240 ducit
1561 1194 1687 1256 apud
1726 1193 1983 1257 Petpullox
2021 1198 2070 1242 et
2107 1194 2152 1240 le
2193 1194 2389 1256 Petmyr
2413 1209 2475 1240 ex

531 1283 668 1342 parte
693 1280 872 1327 boreali
895 1297 956 1327 ex
980 1284 1117 1342 parte
1142 1297 1238 1328 una
1262 1285 1310 1328 et
1335 1297 1631 1329 communem
1654 1281 1811 1330 vicum
1838 1281 1986 1344 [viam
2001 1283 2045 1348 2]
2073 1299 2164 1346 que
2194 1282 2326 1329 ducit
2349 1282 2476 1344 apud

533 1369 847 1430 Kyndrochat
870 1385 931 1416 ex
955 1374 1091 1432 parte
1116 1368 1315 1418 australi
1339 1385 1401 1417 ex
1423 1374 1561 1433 parte
1585 1370 1740 1418 altera
1763 1386 1871 1418 cum
1890 1387 1984 1419 una
2002 1386 2115 1418 acra
2134 1378 2262 1418 terre
2283 1369 2478 1418 arabilis

459 1479 462 1482 ⁴
530 1456 655 1504 inter
677 1472 837 1504 acram
859 1457 893 1503 J
898 1457 1096 1505 ohannis
1121 1457 1252 1505 Tode
1289 1459 1347 1505 de
1385 1458 1659 1506 Kukistone
1685 1474 1747 1506 ex
1769 1463 1907 1522 parte
1945 1458 2230 1507 occidentali
2255 1474 2317 1506 ex
2340 1462 2477 1522 parte

531 1561 623 1592 una
653 1546 846 1606 Jacente
882 1550 931 1593 et
966 1561 1126 1594 acram
1152 1546 1310 1594 Ebote
1334 1546 1550 1595 Fentone
1574 1563 1636 1594 ex
1659 1551 1796 1610 parte
1832 1546 2052 1595 orientali
2077 1563 2138 1594 ex
2162 1551 2299 1610 parte
2323 1545 2477 1594 altera

532 1650 619 1698 pro
656 1634 754 1683 suis
791 1635 1097 1682 benemeritis
1135 1639 1183 1682 et
1219 1635 1422 1683 seruicio
1456 1635 1600 1683 michi
1635 1635 1890 1684 retroactis
1912 1635 2207 1699 temporibus
2230 1638 2477 1698 gratanter

532 1723 758 1785 impensis
796 1750 805 1759 ·
845 1723 1117 1770 Tenendam
1142 1727 1192 1771 et
1215 1723 1479 1771 habendam
1499 1727 1653 1772 totam
1678 1728 1727 1772 et
1751 1724 1983 1786 integram
2009 1724 2271 1787 predictam
2295 1727 2472 1771 terram

531 1815 580 1859 et
618 1826 776 1858 acram
816 1827 924 1858 cum
961 1812 1262 1874 pertinentiis
1299 1813 1484 1875 prefato
1523 1811 1684 1860 Dauid
1721 1812 1973 1860 heredibus
2007 1812 2107 1861 suis
2141 1815 2190 1859 et
2225 1811 2476 1873 assignatis

535 1900 593 1946 de
618 1913 693 1946 me
718 1903 767 1947 et
791 1899 1043 1948 heredibus
1078 1900 1197 1948 meis
1231 1900 1280 1948 in
1313 1901 1454 1948 feodo
1479 1906 1528 1948 et
1557 1901 1826 1949 hereditate
1861 1902 2206 1964 imperpetuum
2245 1928 2255 1938 -
2295 1928 2305 1937 ·
2345 1928 2354 1938 ·
2391 1916 2476 1963 per

536 2003 699 2036 omnes
722 1991 879 2036 rectas
901 1991 1056 2036 metas
1078 2004 1190 2036 suas
1224 1989 1447 2052 antiquas
1470 1994 1519 2036 et
1552 1990 1729 2038 diuisas
1765 1994 1906 2053 prout
1937 1990 2102 2051 jacent
2126 2005 2232 2037 cum
2258 1989 2476 2038 omnibus

538 2080 588 2123 et
623 2075 819 2138 singulis
859 2075 1161 2124 libertatibus
1199 2105 1208 2114 ·
1249 2105 1258 2114 ·
1299 2105 1308 2114 ·
1344 2078 1406 2124 ad
1431 2078 1607 2125 dictam
1631 2082 1807 2126 terram
1832 2078 2216 2126 constabilariam
2242 2083 2291 2126 et
2315 2093 2474 2126 acram

538 2164 829 2212 antedictam
868 2192 878 2202 ·
917 2192 927 2202 -
967 2193 976 2202 ·
1014 2165 1095 2212 Ita
1130 2166 1255 2228 quod
1279 2181 1368 2213 nec
1403 2182 1489 2229 ego
1527 2166 1771 2229 predictus
1804 2166 2018 2215 Jacobus
2052 2166 2126 2214 vel
2148 2167 2348 2214 heredes
2382 2166 2475 2213 mei

531 2253 612 2314 jus
649 2251 724 2300 vel
761 2252 995 2300 clameum
1032 2254 1377 2316 possessionem
1412 2259 1496 2302 aut
1530 2250 1873 2318 proprietatem
1913 2256 1971 2303 de
2007 2255 2225 2318 predicta
2261 2259 2391 2302 terra
2426 2259 2474 2302 et

537 2357 649 2388 acra
673 2356 779 2388 cum
802 2341 1104 2404 pertinentiis
1127 2342 1376 2390 vendicare
1400 2348 1568 2406 potero
1592 2358 1677 2391 seu
1701 2347 1924 2407 poterunt
1949 2343 2256 2407 quouismodo
2280 2343 2329 2391 in
2350 2344 2477 2391 futu-

539 2445 643 2476 rum
679 2456 690 2466 ·
728 2429 824 2476 Sed
847 2429 907 2476 ab
932 2430 1059 2477 omni
1076 2430 1199 2490 juris
1221 2429 1366 2478 titulo
1386 2431 1551 2479 habito
1568 2431 1643 2479 vel
1662 2431 1879 2479 habendo
1904 2447 2065 2480 sumus
2083 2433 2142 2479 de
2161 2435 2322 2480 cetero
2345 2432 2477 2495 peni-

538 2522 620 2566 tus
656 2521 706 2565 et
741 2518 932 2566 omnino
961 2517 1169 2567 absoluti
1209 2547 1218 2556 ·
1259 2547 1268 2555 -
1309 2547 1319 2556 -
1358 2519 1621 2567 Reddendo
1645 2519 1755 2567 inde
1792 2520 1949 2569 dictus
1972 2520 2132 2568 Dauid
2169 2520 2368 2567 heredes
2404 2520 2478 2568 sui

542 2611 590 2655 et
613 2606 842 2668 assignati
865 2607 1110 2655 annuatim
1144 2607 1289 2654 michi
1323 2607 1576 2655 heredibus
1611 2607 1732 2656 meis
1753 2612 1840 2655 aut
1863 2607 2116 2670 assignatis
2150 2623 2235 2655 sex
2260 2608 2479 2655 denarios

541 2699 728 2744 monete
754 2695 915 2743 Scotie
950 2697 1010 2743 ad
1045 2696 1218 2744 festum
1257 2697 1599 2744 Penthecostes
1632 2697 1674 2745 si
1707 2700 1900 2759 petatur
1933 2700 2120 2745 tantum
2156 2697 2345 2744 nomine
2369 2696 2476 2744 albe

540 2785 671 2832 firme
707 2788 894 2832 tantum
932 2801 1018 2847 pro
1056 2785 1185 2832 omni
1222 2785 1318 2833 alio
1342 2801 1484 2832 onere
1509 2785 1710 2833 seruicio
1747 2785 1947 2833 seculari
1986 2813 1996 2823 ·
2037 2813 2046 2822 ·
2085 2814 2095 2822 -
2134 2785 2200 2834 Et
2237 2801 2324 2847 ego
2362 2801 2474 2833 vero

539 2873 894 2935 prenominatus
916 2872 951 2918 J
953 2873 1131 2920 acobus
1153 2873 1352 2921 heredes
1376 2873 1468 2920 mei
1492 2877 1541 2920 et
1565 2889 1859 2922 successores
1876 2873 2138 2937 predictam
2155 2877 2332 2922 terram
2357 2873 2473 2922 wul-

541 2961 718 3022 gariter
755 2961 933 3008 dictam
971 2965 1024 3008 ut
1059 2961 1353 3024 premittitur
1375 2961 1420 3008 le
1444 2961 1706 3009 constabile
1737 2961 1848 3009 land
1881 2965 1930 3008 et
1961 2976 2121 3009 acram
2154 2962 2308 3009 eidem
2345 2963 2477 3009 adia-

544 3052 728 3096 centem
764 3048 1075 3111 prescriptam
1111 3065 1218 3096 cum
1249 3050 1549 3112 pertinentiis
1584 3050 1770 3113 prefato
1805 3049 1964 3097 Dauid
1999 3049 2254 3097 heredibus
2289 3050 2387 3098 suis
2427 3055 2476 3097 et

540 3136 792 3198 assignatis
827 3137 1220 3186 varantizabimus
1258 3166 1267 3175 -
1307 3165 1316 3176 ·
1357 3166 1366 3175 ·
1403 3139 1462 3185 In
1496 3138 1630 3186 cuius
1664 3138 1732 3185 rei
1763 3138 2087 3186 testimonium
2113 3137 2320 3200 presenti
2345 3142 2475 3186 carte

542 3224 756 3286 Sigillum
802 3241 958 3272 meum
1005 3229 1078 3274 est
1124 3241 1383 3290 appensum
1429 3241 1588 3274 coram
1634 3226 1726 3274 hiis
1770 3226 1975 3274 testibus
2021 3226 2211 3274 domino
2260 3226 2475 3274 Roberto

540 3315 685 3361 Arrot
731 3313 994 3375 presbitero
1043 3313 1323 3363 Alexandro
1359 3316 1417 3362 de
1455 3314 1727 3377 Myddilton
1770 3314 1953 3362 Thoma
1996 3314 2270 3363 Wischeart
2306 3318 2354 3361 et
2387 3314 2422 3360 J
2425 3331 2475 3362 o-
