2950 3970
428 624 501 678 86
599 620 1064 681 REGISTRUM
1101 623 1645 679 EPISCOPATUS
1685 623 2280 679 BRECHINENSIS.

432 828 557 860 nono
595 842 604 851 ·
646 842 654 851 ·
695 842 704 852 ·
742 814 1054 877 personaliter
1088 812 1375 861 constitutus
1412 839 1423 850 ·
1461 803 1760 859 Venerabilis
1782 811 1853 859 vir
1875 811 2099 874 magister
2119 812 2366 860 <Iohannes

435 900 664 949 Willelmi
690 902 891 950 vicarius
916 900 1238 963 de-›Munzeky
1272 915 1330 946 ac
1352 898 1574 948 *officialis
1609 899 1942 949 Brechinensis
1976 899 2023 946 in
2057 899 2162 947 loco
2185 899 2367 962 capitu-³

430 989 519 1036 lari
557 990 767 1038 eiusdem
803 990 1043 1038 canonicis
1079 988 1254 1036 ibidem
1290 1003 1376 1050 pro
1402 991 1539 1035 tunc·
1565 986 1891 1050 capitulariter
1925 987 2220 1050 congregatis
2258 1015 2268 1024 ·
2305 988 2365 1034 In

434 1094 629 1139 quorum
669 1078 914 1140 presencia
951 1078 1162 1141 prefatus
1199 1075 1414 1124 officialis
1453 1076 1641 1124 nomine
1682 1079 1731 1124 et
1772 1091 1834 1124 cx
1871 1080 2007 1139 parte
2045 1104 2055 1113 ·
2092 1104 2104 1114 ·
2142 1104 2152 1114 ·
2189 1076 2365 1146 domini

432 1165 466 1211 J
470 1166 668 1212 ohannis
706 1194 716 1203 ·
756 1194 765 1203 -
806 1194 816 1203 ·
853 1165 1062 1228 episcopi
1087 1163 1422 1213 Brechinensis
1443 1164 1960 1228 protestabaturquod
1997 1166 2199 1228 quedam
2235 1165 2368 1212 inno-

432 1254 648 1301 uationes
688 1254 814 1302 facte
856 1254 990 1302 infra
1017 1253 1210 1301 chorum
1258 1252 1626 1300 Brechinensem
1671 1253 1738 1301 in.-
1765 1252 1984 1301 absentia
2031 1253 2148 1302 dicti
2165 1279 2170 1283 ·
2190 1254 2366 1301 domini

434 1327 640 1406 episcopi
663 1348 712 1390 et
736 1343 859 1400 citra
882 1358 1161 1391 consensum
1184 1357 1321 1390 suum
1357 1357 1448 1405 que
1484 1344 1537 1388 ut
1572 1340 1776 1389 asseruit
1799 1341 1861 1388 ad
1884 1357 2024 1389 aures
2047 1341 2164 1391 dicti
2187 1342 2365 1390 domini

436 1431 644 1494 episcopi
681 1433 739 1478 de
775 1447 898 1479 nouo
932 1429 1234 1494 peruenerint
1270 1429 1334 1476 in'
1354 1429 1688 1477 detrimentum
1727 1432 1776 1476 et
1815 1429 2172 1478 diminutionem
2212 1429 2368 1478 cultus

433 1520 579 1566 diuini
617 1525 664 1568 et
706 1520 894 1568 seruicii
918 1519 1047 1568 soliti
1071 1519 1188 1567 dicti
1212 1518 1342 1566 chori
1373 1533 1437 1565 ac
1469 1517 1586 1565 dicti
1623 1517 1802 1564 domini
1839 1517 2048 1582 episcopi
2083 1522 2134 1566 et
2168 1519 2366 1567 ecclesie

433 1625 515 1656 sue
554 1609 886 1657 Brechinensis
909 1622 1100 1670 grauem
1123 1607 1349 1656 lesionem
1376 1605 1735 1668 derogationem*
1753 1609 1802 1653 et
1815 1622 2078 1668 ›grauamen
2102 1619 2195 1654 non·
2219 1608 2367 1655 modi-

429 1713 537 1744 cum
564 1703 612 1745 et
636 1698 856 1761 precipue
881 1699 928 1744 in
952 1695 1241 1744 ammotione
1262 1695 1506 1743 cuiusdam
1529 1693 1762 1757 capellani
1796 1694 2118 1743 ebdomadarii
2143 1696 2201 1743 de
2224 1695 2366 1744 stallo

432 1787 668 1848 prebende
721 1787 780 1833 de
834 1786 1042 1833 Lethnot
1079 1788 1138 1833 >ct
1184 1783 1483 1846 impositione
1532 1783 1777 1831 cuiusdam
1823 1783 1957 1846 pueri
2003 1783 2109 1831 loco
2155 1785 2364 1833 eiusdem

432 1874 663 1937 capellani
686 1874 871 1938 prefato
895 1874 1089 1921 domino
1104 1873 1326 1936 episcopo
1347 1871 1544 1920 absente
1568 1874 1652 1919 aut
1676 1887 1763 1918 suo
1795 1871 2005 1934 capitulo
2040 1888 2127 1920 seu·
2150 1873 2248 1934 juri
2283 1889 2367 1921 sue

432 1962 630 2010 ecclesie
655 1963 702 2009 in
727 1961 856 2010 nullo
878 1961 1226 2024 preiudicarent
1265 1987 1275 1997 -
1313 1958 1676 2032 Protestabatur
1699 1958 2132 2022 insuperrprefatus
2147 1961 2365 2010 officialis

431 2052 619 2098 nomine
658 2067 750 2113 quo
787 2067 929 2114 supra
965 2051 1041 2097 de·
1061 2050 1268 2113 quadam·
1300 2047 1523 2111 pensione
1560 2062 1718 2094 annua
1754 2047 1919 2109 viginti
1956 2052 2065 2095 octo
2103 2065 2364 2097 marcarum

434 2141 618 2201 prefato
665 2140 853 2186 domino
894 2138 1115 2201 episcopo
1149 2140 1199 2184 et
1234 2151 1319 2184 suo
1353 2134 1563 2198 capitulo
1597 2134 1657 2182 de
1691 2134 1923 2184 fructibus
1958 2136 2084 2184 dicte
2130 2138 2365 2200 prebende

434 2227 629 2290 singulis
652 2227 789 2275 annis
812 2226 986 2274 debitis
1010 2226 1057 2272 in
1083 2225 1216 2272 cuius
1253 2222 1487 2271 solutione
1510 2222 1850 2285 prebendarius
1873 2223 2000 2271 dicte
2023 2225 2260 2287 prebende
2283 2243 2367 2290 per

433 2315 616 2378 aliquos
638 2331 787 2363 annos
810 2315 963 2362 minus
984 2314 1113 2374 juste
1138 2311 1343 2360 cessauit
1366 2311 1693 2374 prosequenda
1716 2326 1875 2359 coram
1892 2311 2054 2374 judice
2077 2317 2365 2378 competenti

433 2405 538 2452 loco
574 2409 623 2451 et
655 2408 870 2467 tempore
905 2402 1149 2466 oportunis
1185 2425 1196 2439 ··
1233 2401 1434 2463 Insuper
1468 2398 1716 2462 requisiuit
1751 2399 1907 2448 dictus
1939 2401 2155 2450 officialis
2199 2405 2367 2466 magis·

433 2499 557 2540 trum
592 2494 625 2539 J
630 2494 861 2540 ohannem
898 2491 1175 2554 Lychtoune
1210 2492 1575 2552 procuratorem,
1597 2501 1892 2535 communem
1937 2489 2134 2552 capituli
2179 2492 2367 2540 nomine

437 2599 527 2645 quo
570 2597 711 2644 supra
750 2585 984 2644 quatenus
1017 2579 1160 2641 juxta
1197 2577 1294 2625 vim
1339 2576 1538 2623 formam
1580 2579 1629 2623 et
1669 2579 1882 2623 tenorem
1920 2577 2161 2626 cuiusdam
2197 2581 2366 2628 statuti

435 2670 551 2716 editi
586 2686 671 2732 per
708 2669 886 2716 dictum
911 2667 1149 2715 dominum
1187 2665 1459 2728 episcopum
1477 2678 1602 2710 ⁴cum
1639 2678 1871 2711 consensu
1894 2665 1966 2713 sui
1991 2666 2187 2729 capituli
2211 2673 2367 2716 certas

435 2758 736 2820 pecuniarum
795 2770 1000 2804 summas
1045 2755 1106 2802 ad
1156 2752 1508 2816 reparacionem
1554 2765 1808 2814 capparum
1856 2752 1983 2800 dicte
2030 2754 2229 2803 ecclesie
2284 2772 2366 2804 seu

438 2846 633 2893 aliorum
677 2847 1058 2893 ornamentorum
1098 2858 1183 2905 per
1222 2838 1476 2893 canonicos
1517 2837 1664 2901 ipsius
1706 2838 1906 2888 ecclesie
1953 2846 2060 2904 post
2106 2843 2370 2892 huiusmodi

438 2935 607 2982 statuti
645 2933 901 2980 editionem
936 2931 984 2978 in
1026 2931 1156 2978 dicta
1179 2928 1380 2977 ecclesia
1415 2930 1632 2989 receptos
1668 2930 1718 2974 et
1755 2926 2059 2978 beneficiatos
2096 2933 2224 2979 omni
2263 2934 2367 2981 dili-

439 3024 598 3083 gentia
622 3027 671 3069 et
697 3020 995 3069 solicitudine
1018 3021 1204 3082 peteret
1229 3017 1440 3079 exigeret
1465 3018 1514 3062 et
1537 3014 1719 3062 leuaret
1744 3019 1792 3063 et
1816 3016 1864 3063 in
1887 3032 1999 3066 casu
2022 3035 2115 3082 quo
2138 3023 2366 3084 premissa

441 3112 598 3158 facere
627 3110 884 3155 deferreret
907 3111 990 3155 aut
1013 3105 1269 3168 negligeret
1292 3104 1341 3151 in
1367 3104 1619 3166 dampnum
1644 3107 1692 3150 et
1716 3103 2024 3165 preiudicium
2049 3107 2165 3155 dicti
2191 3111 2366 3158 domini

438 3197 645 3261 episcopi
669 3202 718 3243 et
742 3196 813 3244 sui
839 3194 1034 3258 capituli
1052 3198 1135 3242 aut
1154 3193 1381 3240 minorem
1399 3206 1627 3239 summam
1652 3190 1883 3254 reciperet
1906 3193 1955 3240 in
1981 3196 2166 3257 prefato
2185 3202 2367 3247 statuto
2420 3261 2424 3264 q

435 3290 651 3334 taxatam
676 3287 966 3347 protestatus
1001 3287 1074 3329 est
1110 3282 1233 3344 quod
1269 3279 1481 3342 prefatus
1504 3278 2001 3344 dominus-episcopus
2025 3289 2191 3332 contra
2215 3286 2367 3349 ipsum
