2950 3970
595 662 1064 723 REGISTRUM
1103 669 1644 730 EPISCOPATUS
1686 676 2276 742 BRECHINENSIS.
2320 690 2424 745 117

490 849 656 901 literas
689 857 1080 917 pretendentibus
1104 876 1188 923 per
1211 860 1376 910 literas
1411 867 1597 913 nostras
1620 882 1738 928 quas
1761 868 1933 918 abante
1959 871 2006 919 in
2031 873 2181 923 valuis
2217 876 2411 924 ecclesie

488 944 649 989 nostre
685 943 972 994 cathedralis
995 947 1181 1010 publice
1205 950 1327 1013 affigi
1365 951 1562 1001 fecimus
1594 955 1654 1001 ad
1690 960 2050 1020 comparendum
2079 962 2220 1011 dictis
2255 965 2330 1011 die
2365 971 2412 1012 et

486 1027 592 1077 loco
627 1031 906 1096 subscriptis
940 1036 999 1082 ad
1042 1036 1291 1085 videndum
1334 1044 1382 1088 et
1423 1042 1707 1091 audiendum
1742 1045 2006 1095 huiusmodi
2040 1053 2408 1115 transsumptum

487 1118 676 1166 decerni
701 1120 775 1168 vel
799 1123 859 1169 ad
893 1122 1190 1186 allegandum
1221 1142 1410 1176 causam
1446 1129 1516 1177 vel
1545 1146 1711 1180 causas
1739 1134 2044 1186 rationabiles
2081 1155 2224 1201 quare
2259 1144 2411 1189 trans-

484 1212 723 1272 sumptum
747 1210 1013 1260 huiusmodi
1048 1213 1290 1262 literarum
1321 1217 1508 1264 decerni
1533 1234 1626 1266 non
1655 1220 1848 1271 deberet
1886 1251 1895 1262 ·
1933 1225 2140 1279 Quarum
2165 1226 2404 1275 literarum

482 1300 620 1345 tenor
655 1299 714 1346 de
746 1300 888 1348 verbo
922 1302 981 1348 ad
1015 1303 1206 1351 verbum
1230 1306 1443 1369 sequitur
1477 1311 1526 1355 et
1562 1312 1634 1356 est
1657 1309 1769 1359 talis
1796 1311 2063 1363 Willelmus
2102 1315 2208 1362 Rex
2246 1316 2405 1365 Scotie

481 1386 698 1436 omnibus
731 1388 892 1451 probis
926 1390 1192 1440 hominibus
1227 1393 1376 1442 totius
1411 1396 1571 1443 Scotie
1606 1397 1804 1446 salutem
1851 1429 1859 1438 ·
1901 1400 2075 1451 Sciatis
2109 1419 2182 1451 me
2217 1419 2405 1452 conces-

479 1474 599 1524 sisse
640 1480 689 1524 et
725 1482 861 1526 carta
901 1494 1008 1526 mea
1055 1481 1354 1531 confirmasse
1397 1484 1631 1548 episcopis
1671 1491 1720 1534 et
1764 1488 1963 1538 Keldeis
2003 1492 2061 1538 de
2103 1491 2302 1540 ecclesia
2344 1495 2401 1539 de

479 1565 687 1613 Brechin
722 1567 1026 1616 donationem
1063 1568 1192 1617 illam
1228 1587 1368 1634 quam
1406 1573 1536 1621 dedit
1562 1574 1630 1622 eis
1667 1576 1775 1622 Rex
1807 1576 1965 1624 Dauid
1999 1594 2116 1627 auus
2151 1596 2281 1628 meus
2319 1598 2402 1643 per

477 1658 658 1702 cartam
690 1671 823 1704 suam
857 1658 916 1704 (16
941 1657 1044 1705 foro
1077 1658 1421 1722 imperpetuum
1450 1661 1669 1710 habituro
1694 1663 1741 1710 in
1767 1663 1877 1712 villa.
1907 1681 1991 1728 per
2015 1666 2115 1715 dies
2144 1668 2400 1716 dominicos

474 1743 594 1791 adeo
617 1743 766 1792 libere
789 1744 912 1793 sicut
938 1746 1203 1810 Episcopus
1227 1747 1567 1797 Sanctiandree
1590 1749 1741 1798 forum
1764 1742 1907 1800 habet
1947 1781 1955 1790 ·
1994 1754 2046 1800 T.
2068 1755 2257 1802 Andrea
2281 1757 2400 1818 epis-

474 1848 594 1896 copo
642 1834 701 1881 de
749 1833 988 1882 Cathenes
1035 1834 1284 1883 Nicholaio
1330 1836 1612 1885 cancellario
1656 1866 1665 1875 ·
1710 1838 1855 1902 Apud
1903 1841 2134 1889 Brechine
2186 1870 2196 1879 ·
2246 1843 2399 1891 Tenor

471 1922 677 1970 secunde
711 1921 849 1970 litere
882 1926 956 1971 est
985 1922 1098 1971 talis
1136 1950 1146 1961 ·
1184 1922 1409 1986 Cognicio
1431 1925 1560 1972 facta
1593 1926 1717 1989 apud
1756 1927 1987 1975 Brechine
2020 1943 2175 1976 coram
2209 1931 2395 1979 domino

474 2010 693 2060 Waltero
729 2012 787 2059 de
824 2012 984 2075 Bygar
1011 2016 1194 2060 rectore
1242 2014 1300 2060 de
1337 2012 1470 2061 Eroll
1506 2014 1763 2062 camerario
1798 2015 1957 2063 Scotie
1993 2015 2165 2064 ibidem
2202 2019 2394 2066 sedente

469 2118 530 2148 ex
569 2101 908 2150 deliberatione
957 2102 1133 2149 domini
1174 2101 1323 2150 nostri
1363 2102 1485 2165 regis
1517 2106 1565 2150 et
1601 2102 1782 2150 consilii
1814 2103 1886 2151 sui
1916 2103 2117 2166 qualiter
2150 2106 2300 2153 forum
2337 2109 2393 2153 de

470 2190 704 2238 Brechine
750 2190 980 2239 usitatum
1027 2190 1118 2238 fuit
1162 2194 1376 2254 tempore
1424 2191 1655 2253 quondam
1693 2191 1866 2238 domini
1914 2193 2035 2255 regis
2072 2193 2271 2241 Roberti
2312 2212 2395 2258 per

466 2279 756 2342 subscriptos
788 2279 823 2326 J
827 2283 988 2327 uratos
1022 2278 1105 2326 viz.
1147 2278 1359 2327 dominos
1395 2279 1551 2326 David
1587 2280 1645 2327 de
1681 2280 1916 2328 Grahame
1951 2285 1999 2328 et
2032 2281 2066 2327 J
2070 2282 2297 2329 ohannem
2334 2285 2391 2330 de

467 2368 781 2431 Strathethyn
828 2367 1005 2417 milites
1057 2367 1315 2415 Henricum
1363 2368 1421 2415 de
1469 2368 1782 2431 Fodrynghay
1815 2369 1850 2415 J
1854 2369 2082 2416 ohannem
2130 2371 2187 2417 de
2235 2371 2390 2434 Rossy

468 2456 762 2504 Willelmum
785 2456 930 2504 filium
955 2456 1062 2504 Ade
1088 2456 1122 2503 J
1126 2457 1356 2504 ohannem
1393 2456 1450 2503 (16
1488 2454 1687 2503 Velham
1710 2456 1976 2504 «Iohannem
2003 2457 2185 2520 Lamby
2210 2458 2385 2506 Nicho-

463 2548 559 2594 lam
594 2545 723 2594 Scall
760 2546 1026 2594 Robertum
1062 2545 1120 2592 de
1157 2544 1394 2607 Balbreny
1430 2543 1751 2592 Alexandrum
1776 2545 1834 2592 (16
1859 2544 2084 2592 Stratoun
2118 2545 2152 2591 ‚J
2156 2546 2383 2594 ohannem

465 2635 763 2698 Wyscharde
790 2633 1083 2682 Willelmum
1114 2627 1283 2682 Mgone
1312 2632 1342 2679 ‚J
1351 2633 1582 2680 ohannem
1606 2633 1664 2679 de
1690 2632 1995 2680 Inchemetan
2026 2634 2060 2680 J
2063 2634 2291 2682 ohannem
2325 2637 2382 2682 de

464 2723 675 2772 Galuhill
699 2723 857 2771 David
882 2723 940 2770 de
977 2721 1266 2770 Foulertoun
1292 2720 1467 2768 Urthin
1490 2721 1548 2768 de
1579 2719 1754 2767 Tolach
1781 2720 2037 2768 Patricium
2063 2722 2120 2769 de
2146 2722 2379 2785 Strivelyn

462 2814 702 2860 Andream
727 2812 987 2875 Dempstar
1022 2809 1302 2858 auunculum
1342 2809 1377 2856 ,J
1380 2810 1608 2856 ohannem
1646 2809 1704 2855 de
1746 2807 1953 2856 Allirdas
1975 2812 2025 2856 et
2051 2809 2286 2857 Andream
2323 2813 2381 2858 (16

462 2901 692 2949 Gledstan
730 2927 741 2938 ·
779 2899 872 2956 Qui
895 2914 1063 2962 magno
1086 2901 1380 2947 sacramento
1407 2896 1555 2958 jurati
1588 2896 1749 2943 dicunt
1773 2896 1896 2958 quod
1918 2896 2068 2944 forum
2093 2897 2151 2944 de
2176 2898 2378 2946 Brechin

459 2992 528 3039 ita
550 2990 697 3039 libere
721 2993 770 3038 et
795 2989 954 3053 quiete
977 2987 1204 3036 usitatum
1226 2985 1316 3034 fuit
1340 2985 1387 3032 in
1412 2983 1624 3032 omnibus
1658 2987 1707 3030 et
1741 2981 1934 3045 singulis
1967 2984 2176 3032 emendis
2199 2989 2247 3032 et
2271 3002 2378 3033 ven-

458 3079 625 3128 dendis
658 3083 871 3142 tempore
906 3077 1140 3140 quondam
1165 3073 1282 3122 dicti
1305 3073 1426 3135 regis
1464 3071 1660 3119 Roberti
1696 3070 1817 3119 sicut
1851 3070 2077 3118 usitatum
2111 3075 2184 3120 est
2219 3073 2294 3120 die
2329 3079 2377 3121 et

455 3174 669 3232 tempore
693 3165 975 3231 cognitionis
1015 3163 1284 3227 supradicte
1317 3165 1366 3209 et
1402 3159 1525 3223 quod
1560 3158 1735 3206 dictum
1759 3158 1913 3206 forum
1942 3157 2109 3207 melius
2143 3164 2192 3207 et
2227 3161 2376 3210 maius

453 3257 544 3304 fuit
585 3257 633 3304 in
673 3255 890 3303 omnibus
928 3251 1169 3301 venalibus
1209 3249 1290 3296 illo
1323 3252 1534 3311 tempore
1576 3246 1691 3293 dicti
1732 3246 1965 3308 quondam
2007 3246 2182 3294 domini
2228 3248 2371 3311 Regis

456 3344 656 3393 Roberti
693 3359 833 3407 quam
868 3342 961 3390 isto
996 3345 1207 3402 tempore
1243 3334 1521 3399 cognitionis
1554 3333 1791 3381 antedicte
1830 3362 1839 3371 ·
1877 3334 1934 3380 In
1973 3334 2104 3383 cuius
2142 3336 2207 3382 rei
2243 3338 2377 3385 testi-
