2950 3970
624 603 1088 659 REGISTRUM
1126 604 1661 662 EPISCOPATUS
1702 609 2289 668 BRECHINENSIS.
2346 616 2417 670 23

494 796 744 867 utrumque
779 791 854 840 vel
889 791 1110 840 salarium
1147 794 1400 842 eorundem
1442 799 1607 843 contra
1647 811 1803 844 eorum
1844 797 2128 846 voluntatem
2170 801 2420 849 detinuerit

493 880 620 928 ultra
655 896 863 930 mensem
898 896 961 928 ex
995 884 1110 929 tunc
1132 880 1294 931 licebit
1318 883 1537 947 episcopo
1561 883 1782 931 vicariam
1817 901 1901 933 sua
1930 886 2187 935 autoritate
2212 890 2419 936 conferre

491 973 543 1018 et
567 970 903 1019 subdiaconum
928 971 1202 1018 conducere.
1273 970 1339 1019 Et
1378 971 1426 1018 in
1450 972 1638 1020 defectu
1660 971 1912 1021 solucionis
1946 958 2220 1022 salariorum
2257 992 2419 1023 eorun-

492 1061 602 1108 dem
625 1058 700 1108 vel
734 1075 896 1108 eorum
919 1059 1117 1107 alterius
1138 1059 1319 1108 fructus
1354 1075 1515 1108 omnes
1547 1060 1672 1107 dicte
1709 1060 1905 1108 ecclesie
1939 1066 2233 1124 sequestrare
2268 1065 2416 1111 donec

491 1149 576 1196 flat
614 1162 807 1197 suorum
848 1147 1125 1196 salariorum
1167 1147 1307 1211 plena
1340 1147 1514 1196 solutio
1549 1149 1608 1195 de
1641 1147 1845 1196 termino
1885 1153 2134 1197 retroacto.
2205 1151 2420 1199 Vicarius

491 1237 687 1303 habebit
722 1252 864 1285 unam
889 1252 1048 1284 acram
1083 1240 1211 1284 terre
1236 1237 1294 1283 de
1316 1241 1445 1284 terra
1479 1235 1800 1284 ecclesiastica
1834 1236 1881 1283 in
1906 1252 1998 1299 qua
2021 1237 2237 1285 edificare
2265 1239 2414 1286 valeat

491 1330 542 1374 et
566 1325 875 1374 residenciam
901 1325 1058 1372 facere
1082 1324 1389 1388 personalem.
1459 1323 1640 1372 Rector
1672 1323 2006 1387 prebendarius
2029 1325 2217 1372 chorum
2243 1326 2291 1372 in
2321 1331 2419 1374 tec-

490 1419 601 1463 tura
639 1413 774 1464 libris
811 1413 1108 1463 vestimentis
1145 1417 1194 1461 et
1234 1413 1341 1461 aliis
1387 1412 1676 1461 ornamentis
1715 1412 1997 1461 sufficienter
2042 1417 2094 1460 ut
2141 1414 2280 1471 decet
2322 1414 2417 1462 suis

490 1502 755 1567 sumptibus
790 1502 1057 1551 sustinebit.
1129 1501 1195 1550 Et
1230 1502 1290 1549 ad
1325 1502 1413 1549 hec
1450 1501 1608 1548 omnia
1641 1501 1759 1547 bene
1782 1503 1831 1547 et
1865 1499 2066 1547 fideliter
2099 1500 2417 1563 perimplenda

491 1596 541 1640 et
587 1591 883 1640 obseruanda
916 1590 1087 1653 singuli
1127 1590 1341 1638 canonici
1387 1593 1547 1637 nostre
1582 1588 1778 1637 ecclesie
1825 1588 2084 1651 predictam
2131 1588 2412 1650 prebendam

490 1680 762 1729 obtinentes
795 1679 844 1727 in
880 1695 967 1728 suo
990 1679 1188 1727 introitu
1211 1679 1490 1742 prestabunt
1524 1676 1830 1740 corporaliter
1857 1677 2173 1738 juramentum
2198 1681 2246 1724 et
2270 1677 2412 1724 etiam

489 1785 575 1834 pro
615 1768 812 1818 statutis
846 1772 896 1816 et
937 1767 1353 1816 consuetudinibus
1389 1767 1515 1814 dicte
1562 1764 1758 1814 ecclesie
1793 1764 1852 1811 ab
1898 1764 2091 1827 antiquo
2125 1764 2312 1812 usitatis
2358 1765 2414 1810 de

488 1862 651 1907 cetero
695 1856 902 1905 fideliter
947 1855 1255 1905 obseruandis
1299 1855 1432 1903 salua
1476 1854 1613 1902 nobis
1647 1857 1696 1900 et
1743 1851 1950 1915 capitulo
1995 1856 2156 1900 nostro
2191 1853 2412 1915 pensione

488 1963 647 1998 annua
669 1946 835 2010 viginti
870 1949 979 1993 octo
1024 1959 1283 1992 mercarum
1327 1943 1488 1990 debita
1519 1958 1578 1989 ex
1614 1941 1821 2004 antiquo.
1891 1940 1950 1987 In
1980 1956 2173 2002 quorum
2209 1941 2411 1986 omnium

488 2035 812 2086 testimonium
853 2033 1056 2097 sigillum
1090 2037 1304 2082 nostrum
1339 2046 1539 2079 unacum
1574 2028 1726 2092 sigillo
1766 2028 1997 2076 communi
2033 2027 2226 2090 capituli
2265 2029 2411 2076 nostri

489 2141 547 2174 ac
570 2125 717 2173 etiam
752 2122 906 2187 sigillo
942 2122 1059 2170 dicti
1083 2121 1261 2169 domini
1296 2120 1455 2169 Dauid
1480 2120 1538 2166 de
1565 2118 1773 2179 Lindsay
1795 2117 1981 2179 patroni
2017 2116 2141 2163 dicte
2177 2116 2410 2178 prebende

489 2215 539 2262 in
562 2214 744 2278 signum
765 2212 839 2261 sui
860 2226 1118 2261 consensus
1152 2211 1213 2257 ad
1247 2210 1337 2257 hoc
1371 2206 1558 2271 prestiti
1593 2206 1770 2268 scripto
1804 2204 2009 2267 presenti
2043 2204 2305 2266 appositum
2342 2208 2412 2252 est

487 2306 722 2368 patenter.
752 2310 755 2313 '
794 2301 976 2348 Datum
1011 2299 1059 2346 in
1083 2299 1248 2346 eodem
1273 2295 1480 2360 capitulo
1515 2298 1677 2343 nostro
1703 2292 2005 2340 Brechinensi
2028 2292 2248 2354 vigesimo
2271 2293 2412 2340 tertio

489 2393 565 2442 die
589 2391 765 2440 mensis
788 2388 1036 2439 Februarii
1060 2402 1184 2435 anno
1217 2385 1411 2433 Domini
1435 2383 1682 2431 millesimo
1707 2389 1846 2428 cccm0·
1869 2380 2185 2442 octuagesimo
2209 2384 2374 2442 quarto
2401 2415 2409 2424 .

438 2607 467 2636 ἐκ
491 2592 702 2642 Donatio
726 2589 1002 2654 Capellanie
1025 2589 1083 2635 de
1111 2585 1392 2649 Melgynche
1420 2584 1477 2629 de
1515 2581 1714 2644 Bagraw
1739 2617 1748 2626 .

402 2754 464 2800 18
495 2725 762 2804 Omnibus
786 2755 909 2802 hanc
933 2755 1112 2800 cartam
1145 2748 1312 2796 visuris
1335 2746 1408 2794 vel
1444 2743 1673 2791 audituris
1707 2740 1865 2788 Dauid
1889 2741 1946 2786 de
1983 2739 2231 2802 Lyndesay
2255 2756 2409 2789 comes

489 2847 548 2893 de
596 2844 858 2892 Craufurde
899 2840 1099 2890 salutem
1139 2874 1148 2884 .
1186 2873 1195 2883 .
1234 2873 1243 2882 .
1283 2833 1522 2882 Noueritis
1573 2847 1646 2878 me
1693 2845 1798 2876 cum
1844 2843 2070 2875 consensu
2117 2832 2166 2875 et
2217 2844 2408 2876 assensu

489 2932 755 2981 Alexand-ri·
789 2932 848 2978 de
885 2929 1138 2992 Lyndesay
1173 2920 1469 2988 primogeniti
1503 2918 1596 2966 mei
1635 2921 1683 2966 et
1723 2915 1908 2963 heredis
1946 2930 2031 2977 pro
2064 2914 2214 2963 salute
2255 2916 2405 2963 anime

488 3039 591 3070 mee
615 3021 766 3086 patris
784 3018 883 3066 *mei
902 3022 950 3065 et
969 3015 1135 3064 matris
1158 3027 1260 3060 mee
1284 3025 1341 3058 ac
1364 3008 1569 3058 omnium
1587 3005 1845 3052 animarum
1869 3007 2215 3050 antecessorum
2235 3008 2282 3050 et
2301 3020 2403 3051 suc-

487 3126 726 3160 cessorum
763 3120 987 3156 meorum.
1060 3104 1126 3151 Et
1166 3097 1434 3163 specialiter
1464 3110 1550 3158 pro
1583 3092 1825 3141 animabus
1865 3106 2023 3138 eorum
2061 3106 2253 3153 quorum
2289 3091 2408 3139 bona

488 3199 631 3248 habui
667 3199 716 3245 in
750 3197 841 3244 hac
872 3195 972 3242 vita
999 3196 1050 3240 et
1081 3190 1267 3254 plenam
1290 3183 1658 3234 satisfactionem
1690 3180 1926 3253 indehnon
1959 3177 2051 3225 feci
2075 3181 2123 3224 et
2146 3194 2230 3240 pro
2253 3178 2407 3226 anima

489 3291 576 3338 bus
611 3286 818 3336 omnium
852 3281 1059 3330 fidelium
1109 3277 1432 3326 defunctorum
1468 3269 1651 3318 dedisse
1688 3301 1699 3313 .
1738 3303 1746 3312 .
1783 3303 1792 3311 .
1831 3266 1935 3313 Deo
1978 3269 2026 3312 et
2066 3265 2204 3312 beate
2253 3265 2402 3313 Marie
