2950 3970
651 603 1119 659 REGISTRUM
1156 606 1697 664 EPISCOPATUS
1738 610 2328 669 BRECHINENSIS.
2380 614 2451 672 73

520 791 738 853 proximo
759 791 921 839 futuro
959 819 970 830 ·
1007 792 1152 842 Curia
1175 794 1514 845 consistorialis
1536 800 1673 845 tenta
1694 799 1818 861 apud
1844 799 2047 847 Brechin
2071 799 2118 846 in
2144 799 2248 848 loco
2271 801 2444 849 consis-

519 879 679 927 toriali
714 879 924 928 eiusdem
958 886 1184 931 consueto
1219 899 1341 931 nono
1376 884 1451 932 die
1486 885 1659 935 mensis
1694 886 1938 934 Februarii
1971 903 2094 934 anno
2129 887 2319 935 Domini
2343 888 2445 935 mil-

518 968 684 1017 lesimo
726 969 1187 1032 quadringentesimo
1227 971 1465 1020 tricesimo
1505 973 1670 1036 quinto
1703 990 1788 1038 per
1821 974 2131 1022 venerabilem
2168 979 2216 1023 et
2251 975 2446 1023 circum-

519 1061 732 1121 spectum
754 1058 902 1106 virum
923 1059 1185 1107 Robertum
1203 1060 1488 1123 Wyscharte
1506 1065 1736 1110 rectorem
1753 1063 1810 1110 de
1826 1062 2086 1111 Cukistoun
2106 1064 2441 1111 Sanctiandree

517 1146 734 1196 dioecesis
757 1147 1126 1196 commissarium
1161 1149 1406 1196 reuerendi
1439 1149 1486 1196 in
1523 1149 1711 1197 Christo
1734 1150 1882 1213 patris
1921 1166 1978 1198 ac
2013 1151 2187 1198 domini
2210 1151 2442 1200 Johannis

518 1235 728 1300 episcopi
754 1235 1088 1284 Brechinensis
1111 1237 1170 1284 ad
1196 1237 1382 1284 unicum
1407 1241 1563 1285 actum
1587 1241 1772 1286 tantum
1796 1238 1878 1286 viz.
1898 1239 1959 1286 ad
1981 1239 2259 1286 audiendum
2286 1243 2440 1287 certos

518 1328 669 1373 testes
721 1325 976 1388 productos
1011 1340 1095 1373 seu
1129 1326 1454 1388 producendos
1489 1341 1623 1374 senes
1663 1325 1844 1373 scilicet
1885 1330 1933 1374 et
1973 1326 2334 1375 valetudinarios
2374 1343 2444 1374 re-

518 1414 746 1477 spondere
769 1413 1081 1477 positionibus
1116 1417 1165 1461 et
1199 1413 1411 1462 articulis
1439 1414 1605 1462 dandis
1640 1418 1688 1462 et
1722 1414 1998 1462 exhibendis
2024 1431 2108 1478 per
2133 1414 2440 1462 venerabilem

517 1502 667 1550 virum
683 1502 922 1550 dominum
946 1501 980 1548 J
985 1502 1216 1549 ohannem
1236 1501 1373 1564 Lyall
1391 1501 1734 1550 thesaurarium
1758 1500 1954 1550 ecclesie
1979 1502 2311 1550 Brechinensis
2335 1519 2440 1565 pro-

518 1595 784 1640 curatorem
818 1589 1083 1654 generalem
1119 1591 1235 1638 dicti
1271 1590 1512 1637 reverendi
1543 1589 1694 1653 patris
1728 1593 1776 1637 et
1811 1589 2006 1652 capituli
2030 1590 2359 1638 Brechinensis
2393 1590 2439 1636 in

519 1696 662 1729 causa
686 1696 776 1744 que
800 1679 1001 1727 vertitur
1023 1695 1107 1726 seu
1128 1678 1245 1726 verti
1268 1682 1484 1742 speratur
1501 1677 1625 1725 inter
1642 1677 1904 1740 predictum
1928 1678 2231 1725 reverendum
2255 1682 2434 1741 patrem

516 1769 787 1833 episcopum
829 1766 1196 1815 Brechinensem
1236 1770 1285 1814 et
1323 1765 1578 1830 capitulum
1617 1765 1822 1814 eiusdem
1861 1782 1922 1813 ex
1945 1781 2037 1813 una
2060 1770 2108 1813 et
2135 1765 2438 1813 venerabilem

516 1858 665 1905 virum
703 1856 978 1920 magistrum
1015 1855 1180 1902 Dauid
1219 1856 1276 1902 de
1315 1854 1499 1918 Ogilwy
1534 1857 1763 1902 rectorem
1798 1855 1856 1901 de
1893 1854 2098 1901 Lethnot
2131 1854 2342 1917 partibus
2377 1870 2436 1903 ex

515 1946 668 1994 altera
703 1947 761 1993 de
797 1948 846 1992 et
881 1960 1023 2007 super
1056 1943 1280 2006 pensione
1304 1959 1460 1990 annua
1482 1942 1646 2006 viginti
1670 1946 1778 1990 octo
1800 1957 2056 1989 marcarum
2086 1942 2244 1990 debita
2266 1958 2437 1989 annua-

514 2035 602 2083 tim
627 2035 686 2083 de
708 2034 939 2082 fructibus
974 2032 1172 2081 ecclesie
1197 2033 1254 2079 de
1279 2031 1486 2079 Lethnot
1511 2031 1638 2078 dicto
1675 2057 1685 2068 ·
1724 2058 1735 2067 -
1773 2058 1783 2068 ·
1819 2030 2038 2093 episcopo
2063 2030 2364 2078 Brechinensi
2389 2034 2436 2077 et

420 2179 422 2181 ,
515 2123 724 2188 capitulo
748 2123 958 2186 ejusdem
996 2149 1007 2159 ·
1045 2121 1149 2176 Quo
1185 2121 1260 2168 die
1295 2120 1343 2167 in
1371 2119 1550 2182 judicio
1579 2121 1877 2181 comparente
1901 2133 2055 2165 coram
2080 2117 2290 2180 predicto
2314 2133 2437 2164 com-

514 2214 730 2263 missario
766 2240 778 2251 ·
816 2240 827 2250 ·
866 2240 876 2249 ·
913 2210 1102 2258 domino
1124 2210 1159 2256 J
1162 2210 1345 2257 ohanne
1383 2207 1520 2270 Lyall
1557 2234 1567 2244 ·
1606 2235 1615 2244 ·
1655 2234 1664 2243 -
1699 2209 1999 2268 procuratore
2041 2204 2154 2252 dicti
2196 2204 2433 2252 reverendi

513 2302 664 2366 patris
704 2305 753 2349 et
795 2299 991 2364 capituli
1027 2327 1039 2337 ·
1078 2327 1087 2336 ·
1129 2326 1139 2336 ·
1175 2297 1388 2361 predicto
1429 2294 1746 2343 commissario
1781 2294 2012 2340 instanter
2046 2292 2287 2355 requisivit
2322 2308 2434 2355 qua-

512 2396 652 2439 tenus
693 2391 810 2437 duos
849 2391 1000 2436 testes
1034 2391 1148 2435 tunc
1182 2387 1426 2449 presentes
1466 2398 1600 2431 senes
1641 2381 1724 2429 viz.
1761 2384 1809 2428 et
1856 2379 2218 2427 valetudinarios
2251 2379 2431 2427 scilicet

514 2480 751 2528 dominum
779 2477 1044 2526 Gilbertum
1071 2475 1230 2522 Broun
1255 2475 1576 2536 precentorem
1601 2468 1795 2517 ecclesie
1821 2466 2148 2515 Brechinensis
2182 2471 2230 2514 et
2265 2468 2429 2529 magis-

510 2574 635 2618 trum
662 2567 926 2616 Galfridum
964 2564 1172 2626 ejusdem
1209 2560 1405 2609 ecclesie
1439 2556 1767 2606 cancellarium
1802 2555 1920 2603 alias
1953 2555 2076 2618 apud
2111 2558 2219 2601 acta
2254 2554 2425 2602 citatos

510 2675 595 2722 per
632 2685 642 2695 ·
681 2685 692 2695 ·
731 2684 740 2694 ·
776 2655 1044 2702 Johannem
1070 2651 1338 2715 episcopum
1367 2647 1726 2695 Brechinensem
1755 2643 1915 2706 jurare
1949 2643 2124 2690 faceret
2162 2670 2172 2679 -
2210 2642 2309 2689 Nec
2332 2658 2423 2689 non

507 2749 664 2796 facere
693 2746 855 2809 jurare
889 2746 938 2790 et
973 2742 1031 2788 de
1060 2737 1337 2802 subscriptis
1364 2734 1575 2783 articulis
1611 2734 1839 2796 deponere
1863 2730 1980 2778 alios
2003 2733 2100 2777 tres
2122 2733 2269 2777 testes
2291 2745 2425 2777 senes

509 2841 559 2884 et
599 2831 966 2883 valetudinarios
1006 2829 1091 2876 viz.
1131 2826 1403 2889 magistrum
1446 2822 1753 2870 Cuthbertum
1794 2819 2018 2866 decanum
2062 2817 2421 2865 Brechinensem

510 2924 749 2973 dominum
773 2921 926 2968 Adam
954 2915 1130 2979 Rogcri
1164 2912 1474 2978 presbiterum
1509 2914 1558 2957 et
1593 2909 1871 2955 Duncanum
1897 2906 2031 2952 Mare
2068 2920 2152 2968 per
2186 2905 2419 2952 dominum

511 3012 770 3062 Patricium
808 3005 1026 3055 Nicholai
1058 3003 1259 3053 scribam
1295 2999 1433 3048 curiae
1474 3002 1521 3045 et
1562 2995 1793 3044 notarium
1833 2991 2066 3056 publicum
2109 2991 2418 3055 subscriptum

506 3103 568 3151 ad
603 3101 781 3148 dictum
833 3111 1006 3144 nonum
1054 3092 1176 3138 diem
1226 3106 1287 3136 ex
1335 3087 1558 3135 mandato
1607 3083 1722 3130 dicti
1773 3080 2011 3128 reverendi
2045 3079 2194 3143 patris
2239 3080 2284 3126 in
2318 3096 2421 3143 pre-

506 3190 661 3240 sentia
698 3185 874 3235 domini
900 3179 1161 3230 Alexandri
1186 3178 1363 3224 Thome
1387 3172 1548 3222 vicarii
1573 3172 1630 3218 de
1657 3169 1931 3218 Stracathro
1967 3166 2138 3214 notarii
2162 3166 2333 3230 publici
2369 3173 2416 3215 et

503 3276 739 3327 Johannis
763 3271 979 3322 Nicholai
1009 3267 1209 3332 junioris
1245 3263 1451 3326 legitime
1491 3261 1663 3309 citatos
1702 3256 2071 3321 respondendum
2097 3255 2153 3302 de
2178 3255 2417 3318 positioni-

1465 3350 1525 3396 10
