2950 3970
529 626 637 682 158
703 628 1167 684 REGISTRUM
1208 629 1746 685 EPISCOPATUS
1788 629 2379 686 BRECHINENSIS.

531 815 703 865 ibidem
723 817 924 867 vicarius
948 823 996 867 et
1022 819 1220 867 intrauit
1243 819 1303 866 ad
1328 819 1501 867 festum
1526 818 1868 882 purificationis
1906 846 1916 857 ·
1953 834 2095 882 super
2117 819 2325 867 secundo
2350 818 2466 866 arti-

534 904 640 953 culo
675 906 864 967 juratus
904 907 1020 955 dicit
1061 908 1186 971 quod
1223 907 1378 955 dictus
1418 907 1779 955 archidiaconus
1821 907 2155 957 Brechinensis
2187 911 2465 972 perceperat

535 994 716 1043 fructus
738 998 844 1043 toto
866 999 1082 1059 tempore
1106 996 1208 1044 eius
1230 999 1330 1044 tam
1356 1010 1440 1059 per
1463 1011 1514 1044 80
1540 1011 1679 1059 quam
1702 995 1737 1042 J
1741 996 1952 1044 ohannes
1977 997 2173 1045 Forster
2196 996 2298 1045 eius
2319 997 2467 1043 frater

536 1099 784 1145 germanus
798 1089 847 1132 et
861 1088 1141 1148 procurator
1153 1089 1203 1133 01
1219 1084 1301 1132 0111
1319 1084 1494 1133 (1100181
1511 1084 1699 1132 1101111110
1717 1084 1832 1132 dicti
1851 1083 2171 1133 archidiaconi
2189 1087 2467 1148 receperunt

536 1173 719 1222 fructus
736 1177 848 1221 ante
867 1173 1113 1221 introitum
1137 1189 1271 1222 suum
1296 1189 1381 1236 per
1405 1172 1618 1222 diuersos
1639 1189 1789 1221 annos
1816 1200 1826 1210 ·
1852 1173 2098 1222 Secundus
2119 1173 2260 1222 testis
2284 1172 2466 1222 scilicet

539 1261 799 1310 Mauricius
823 1261 967 1310 Clerk
991 1262 1137 1310 etatis
1161 1262 1502 1326 quinquaginta
1541 1277 1770 1310 annorum
1810 1262 2130 1325 interrogatus
2169 1266 2284 1326 quot
2320 1277 2470 1310 011008

536 1350 709 1399 mansit
733 1351 781 1398 in
805 1351 1032 1414 parochia
1055 1352 1114 1398 de
1139 1351 1511 1398 Strathauchine
1542 1351 1734 1412 juratus
1768 1350 1886 1398 dicit
1928 1351 2053 1414 quod
2094 1367 2124 1398 a
2162 1350 2361 1414 triginta
2383 1365 2471 1398 sex

537 1439 672 1487 annis
707 1464 720 1478 ο
757 1439 1086 1502 Interrogatus
1110 1455 1251 1503 super
1274 1440 1482 1487 secundo
1506 1439 1708 1487 articulo
1733 1438 1918 1487 scilicet
1941 1439 1981 1488 si
2005 1439 2147 1488 sciuit
2171 1440 2297 1503 quod
2319 1439 2472 1487 archi-

538 1528 763 1576 diaconus
784 1527 996 1591 prefatus
1019 1528 1147 1591 cepit
1169 1528 1352 1576 fructus
1374 1527 1500 1577 illius
1535 1527 1733 1576 ecclesie
1769 1544 1855 1591 per
1889 1543 1976 1577 sex
2012 1543 2162 1577 annos
2196 1527 2388 1576 ultimos
2421 1532 2471 1576 et

540 1632 624 1679 per
663 1620 778 1680 quot
818 1632 968 1665 001108
1007 1616 1135 1665 01110
1168 1617 1358 1679 juratus
1398 1616 1515 1664 dicit
1562 1618 1687 1680 quod
1734 1617 1891 1665 dictus
1937 1617 2297 1666 archidiaconus
2343 1617 2470 1681 cepit

539 1706 721 1753 fructus
745 1708 794 1753 et
817 1704 990 1754 fratres
1013 1705 1086 1754 sui
1110 1709 1159 1753 et
1183 1705 1265 1752 alii
1290 1705 1465 1754 diuersi
1489 1706 1679 1754 nomine
1714 1721 1800 1754 suo
1834 1710 2148 1770 perceperunt
2182 1707 2366 1755 fructus
2387 1722 2473 1770 per

540 1810 626 1842 sex
648 1809 798 1842 annos
820 1793 987 1842 ultime
1011 1793 1199 1858 elapsos
1222 1797 1272 1841 et
1296 1809 1382 1856 per
1405 1793 1617 1842 diuersos
1635 1793 1754 1843 alios
1771 1810 1922 1843 annos
1945 1795 2006 1842 ab
2030 1799 2143 1843 ante
2174 1823 2184 1833 -
2222 1796 2472 1858 Interroga

540 1887 618 1932 tus
641 1899 782 1947 super
804 1883 950 1932 tertio
973 1882 1176 1931 articulo
1200 1882 1383 1931 scilicet
1407 1883 1447 1932 si
1471 1882 1614 1932 sciuit
1638 1884 1763 1946 quod
1788 1883 1945 1932 dictus
1967 1884 2330 1932 archidiaconus
2362 1884 2474 1932 inti-

543 1971 694 2020 mauit
731 1987 864 2020 suam
904 1971 1256 2035 exemptionem
1289 1971 1480 2019 domino
1516 1973 1574 2019 de
1611 1971 1764 2019 Drum
1798 1971 1874 2019 vel
1909 1972 2102 2020 domino
2134 1965 2321 2021 Jacobo
2357 1973 2472 2021 Scot

543 2065 657 2108 111110
681 2060 856 2108 vicario
878 2060 1134 2108 inhibendo
1168 2059 1256 2108 ciis
1288 2059 1363 2107 vel
1397 2059 1540 2107 alicui
1563 2075 1724 2108 eorum
1746 2060 1834 2108 sub
1861 2060 1996 2124 penis
2033 2061 2081 2108 in
2104 2076 2327 2124 processu
2363 2077 2474 2108 con-

544 2149 693 2198 tentis
716 2165 776 2196 ne
800 2148 1164 2197 intromitterint
1199 2149 1260 2196 ad
1298 2148 1657 2197 custodiendum
1691 2149 1874 2198 fructus
1906 2149 2033 2198 illius
2061 2149 2260 2198 ecclesie
2283 2165 2473 2214 seques-

542 2242 695 2286 tratos
717 2253 802 2301 per
824 2236 1012 2285 litteras
1042 2236 1251 2300 episcopi
1290 2265 1299 2275 ·
1335 2237 1369 2284 J
1373 2241 1538 2285 uratus
1571 2238 1825 2300 respondet
1861 2229 1986 2302 quod
2021 2239 2205 2287 audiuit
2239 2240 2474 2287 archidia-

544 2342 712 2374 conum
734 2325 1002 2390 predictum
1025 2325 1238 2373 inhibere
1264 2329 1318 2373 ut
1341 2325 1624 2373 articulatur
1645 2327 1727 2374 sed
1751 2325 1939 2374 litteras
1961 2342 2056 2374 11011
2079 2327 2197 2375 vidit
2235 2356 2246 2366 ·
2283 2328 2474 2377 Tertius

543 2415 682 2463 testis
717 2414 900 2463 scilicet
941 2413 1101 2462 Dauid
1136 2413 1287 2469 Quhit
1327 2414 1641 2477 quadraginta
1679 2429 1907 2462 annorum
1947 2443 1957 2454 ·
1994 2415 2323 2479 Interrogatus
2357 2423 2472 2481 quot

545 2504 682 2552 annis
702 2503 877 2551 mansit
900 2502 949 2550 in
973 2502 1199 2566 parochia
1210 2502 1400 2564 juratus
1417 2503 1535 2550 dicit
1552 2503 1677 2566 quod
1701 2518 1732 2550 a
1753 2503 2010 2552 natiuitate
2033 2520 2119 2552 sua
2154 2542 2164 2552 .
2203 2506 2475 2569 Interroga-

545 2598 623 2640 tus
657 2607 798 2655 super
822 2591 1004 2639 duobus
1035 2590 1250 2640 articulis
1282 2590 1510 2654 predictis
1536 2591 1728 2652 juratus
1765 2592 1882 2640 dicit
1916 2597 1970 2640 ut
2003 2591 2261 2659 precedens
2283 2595 2423 2645 testis
2460 2624 2471 2634 ·

549 2676 725 2730 Omnes
748 2684 849 2728 tres
873 2679 1150 2742 interrogati
1175 2679 1234 2727 de
1258 2679 1559 2743 reparatione
1583 2679 1783 2728 00010810
1806 2684 1922 2728 tunc
1957 2685 2006 2728 et
2041 2681 2087 2728 in
2121 2685 2335 2746 tempore
2369 2701 2474 2747 pre-

544 2770 688 2818 terito
721 2769 871 2832 jurati
912 2769 1134 2816 dixerunt
1175 2769 1302 2832 quod
1340 2783 1606 2832 nuncquam
1647 2768 1866 2816 viderunt
1906 2769 2080 2817 dictam
2121 2769 2372 2819 ecclesiam
2413 2774 2472 2820 de

545 2858 844 2922 Straquhyne
884 2856 1288 2905 archidiaconatui
1326 2857 1636 2904 Brechinensi
1674 2872 1910 2904 annexam
1951 2873 2039 2905 1100
2076 2862 2192 2906 10110
2231 2875 2319 2907 nec
2359 2866 2471 2910 ante

543 2963 630 2995 nec
670 2948 797 2995 intra
837 2962 925 2994 nec
965 2949 1104 2993 extra
1144 2946 1264 2993 bene
1306 2961 1409 2994 0880
1436 2949 1534 3006 7001
1574 2945 1720 2993 fuisse
1762 2949 2030 3008 reparatam
2066 2962 2154 2994 nec
2187 2948 2474 2998 sufficienter

541 3035 795 3084 secundum
819 3035 1002 3083 fructus
1022 3033 1225 3082 ecclesie
1263 3062 1274 3072 ·
1311 3034 1494 3089 Quibus
1518 3033 1758 3097 expeditis
1789 3033 1917 3082 lecta
1951 3039 2025 3083 est
2061 3035 2229 3084 citatio
2264 3038 2472 3087 diuerso-

539 3140 640 3170 rum
683 3124 740 3170 de
785 3123 980 3170 Wester
1020 3122 1264 3171 Drummis
1305 3122 1709 3170 archidiaconatui
1752 3122 2061 3171 Brechinensi
2102 3139 2338 3173 annexam
2387 3129 2477 3176 viz.

543 3212 701 3259 Dauid
730 3212 769 3258 F
773 3215 924 3259 orster
948 3210 1064 3258 dicti
1087 3210 1408 3258 archidiaconi
1434 3210 1769 3258 Brechinensis
1790 3211 1952 3259 fratris
1973 3213 2183 3274 germani
2207 3213 2470 3265 Alexandri

546 3300 733 3347 Wricht
758 3299 936 3346 Thome
963 3298 1126 3361 dey
1168 3298 1367 3346 Roberti
1405 3299 1570 3361 dey
1606 3298 1785 3346 Thome
1822 3299 1946 3346 Fute
1983 3300 2177 3348 Patricii
2202 3301 2469 3354 (111201ἇο-
