2950 3970
525 627 632 683 138
698 628 1164 688 REGISTRUM
1202 632 1745 690 EPISCOPATUS
1785 633 2382 689 BRECHINENSIS.

524 815 649 864 libus
695 818 999 867 adhiberetur
1037 849 1046 857 -
1086 849 1095 858 ·
1135 848 1145 858 ·
1185 821 1244 868 In
1286 837 1482 885 quorum
1525 821 1732 869 omnium
1771 821 2096 870 testimonium
2136 823 2227 871 hoc
2272 836 2467 885 presens

528 905 765 968 publicum
790 907 1153 957 instrumentum
1189 909 1291 957 siue
1313 913 1688 973 transsumptum
1728 937 1738 947 ·
1778 937 1788 948 ·
1828 937 1838 948 ·
1875 909 2027 972 Sigilli
2062 911 2212 959 nostri
2241 910 2468 972 jussimus

528 998 578 1041 et
601 994 798 1044 fecimus
821 996 1108 1059 appensione
1131 997 1411 1045 communiri
1450 1024 1460 1035 ·
1497 997 1680 1046 Datum
1716 1001 1766 1046 et
1801 1000 1962 1046 actum
1996 999 2121 1062 apud
2149 999 2384 1047 Brechine
2420 998 2467 1045 in

498 1080 634 1130 ¹loco
674 1083 990 1132 consistoriali
1028 1088 1192 1133 nostro
1233 1089 1461 1134 consueto
1501 1085 1638 1134 nobis
1679 1086 1796 1133 inibi
1837 1086 2114 1136 sedentibus
2151 1114 2162 1125 ·
2199 1087 2297 1136 Sub
2344 1103 2469 1135 anno

532 1172 879 1220 Incarnationis
938 1172 1188 1220 Dominice
1248 1173 1498 1222 millesimo
1567 1174 2028 1238 quadringentesimo
2085 1174 2470 1239 quinquagesimo

531 1260 705 1309 mensis
727 1277 837 1308 vero
859 1261 893 1308 J
898 1261 995 1309 unii
1020 1262 1096 1309 die
1120 1261 1343 1310 vicesima
1365 1262 1618 1311 undecima
1639 1263 1758 1311 hora
1779 1267 1892 1311 ante
1917 1263 2163 1313 meridiem
2187 1262 2263 1312 vel
2286 1263 2471 1312 eocirca

532 1349 790 1398 indictione
829 1349 1014 1398 decima
1049 1350 1196 1398 tertia
1232 1351 1538 1414 pontificatus
1575 1379 1585 1390 ·
1626 1379 1636 1389 ·
1676 1380 1686 1389 ·
1725 1351 1965 1400 Nicholaii
2002 1379 2012 1390 ·
2053 1379 2062 1390 ·
2103 1380 2112 1390 ·
2149 1367 2270 1416 pape
2317 1352 2470 1416 quinti
2551 1392 2554 1394 .

532 1454 654 1486 anno
689 1443 858 1502 quarto
903 1438 1201 1502 presentibus
1257 1438 1430 1486 ibidem
1496 1439 1715 1488 discretis
1758 1439 1872 1488 viris
1929 1443 1979 1488 et
2037 1439 2239 1489 dominis
2279 1441 2473 1489 Andrea

534 1526 695 1574 Schull
732 1527 908 1574 vicario
951 1528 1009 1574 de
1052 1527 1236 1575 Guthre
1280 1526 1525 1576 Willelmo
1570 1528 1768 1575 Henrici
1808 1527 2035 1576 Donaldo
2079 1528 2266 1577 Mames
2291 1529 2473 1577 Thoma

535 1617 682 1665 Nesse
728 1616 923 1664 Andrea
960 1615 1150 1679 Fynlaii
1215 1616 1428 1663 Roberto
1467 1616 1676 1680 Crumby
1713 1615 1971 1680 capellanis
2017 1632 2123 1664 cum
2165 1616 2326 1665 multis
2366 1617 2473 1666 aliis

532 1705 735 1754 testibus
769 1707 829 1753 ad
865 1705 1094 1769 premissa
1127 1704 1309 1753 vocatis
1331 1705 1512 1768 pariter
1545 1710 1594 1754 et
1629 1705 1806 1768 rogatis
1844 1732 1854 1742 ·

602 1795 668 1843 Et
725 1810 811 1857 ego
870 1793 1151 1842 Alexander
1198 1793 1377 1841 Thome
1416 1821 1426 1830 ·
1466 1822 1476 1830 ·
1516 1822 1526 1831 ·
1561 1794 1776 1842 notarius
1815 1821 1825 1831 ·
1865 1821 1874 1831 ·
1915 1822 1924 1831 ·
1962 1793 2029 1841 Et
2093 1809 2180 1856 ego
2223 1793 2472 1843 Johannes

536 1883 688 1947 Steyll
727 1912 735 1920 ·
776 1912 785 1920 ·
825 1912 834 1921 -
871 1883 1083 1931 notarius
1121 1911 1131 1920 ·
1171 1911 1180 1920 ·
1221 1910 1230 1919 ·
1263 1882 1500 1930 Rasuram
1525 1909 1535 1918 ·
1575 1909 1584 1918 ·
1625 1909 1636 1918 ·
1662 1883 1710 1929 in
1725 1881 1881 1930 medio
1899 1897 2021 1930 none
2035 1881 2159 1929 linee
2183 1882 2320 1929 afine
2361 1911 2370 1920 ·
2410 1911 2419 1920 -
2460 1912 2469 1920 ·

483 2108 511 2136 ἢ
537 2085 926 2147 Transsumptum
951 2083 1259 2147 quarumdam
1285 2086 1522 2130 cartarum
1547 2081 1747 2130 ecclesie
1773 2081 2107 2130 Brechinensis
2145 2109 2156 2119 ·

449 2241 511 2287 69
549 2209 842 2303 Sequuntur
864 2254 972 2285 vere
997 2238 1131 2301 copie
1156 2242 1392 2286 cartarum
1418 2242 1468 2286 et
1491 2237 1735 2285 literarum
1760 2236 1958 2287 ecclesie
1983 2237 2192 2302 episcopi
2230 2237 2395 2285 decani
2421 2241 2469 2285 et

537 2327 732 2391 capituli
758 2326 1091 2374 Brechinensis
1117 2343 1209 2390 quo
1234 2328 1294 2374 ad
1319 2326 1518 2374 liberum
1542 2327 1695 2374 forum
1723 2326 1772 2374 in
1796 2326 1962 2375 diebus
1997 2327 2244 2375 dominicis
2267 2327 2316 2374 in
2341 2326 2471 2374 dicta

538 2417 735 2464 ciuitate
757 2415 1065 2463 Brechinensi
1104 2443 1113 2452 ·
1152 2416 1218 2463 Et
1237 2415 1332 2463 alia
1357 2416 1536 2463 dictum
1550 2416 1701 2463 forum
1718 2415 2052 2464 concernentia
2089 2443 2099 2454 ·
2138 2416 2240 2471 Que
2265 2419 2396 2464 carte
2420 2420 2470 2463 et

537 2506 673 2553 litere
697 2520 810 2553 sane
846 2507 894 2551 et
931 2504 1111 2565 integre
1135 2503 1325 2552 fuerunt
1347 2508 1448 2552 tam
1485 2504 1533 2550 in
1568 2503 1733 2566 sigillis
1757 2519 1897 2567 quam
1931 2504 1981 2551 in
2015 2504 2260 2568 scripturis
2293 2508 2347 2552 ut
2382 2521 2468 2554 nos

537 2594 570 2639 J
575 2594 783 2641 ohannes
829 2593 888 2639 de
936 2591 1121 2654 Ogilwy
1168 2593 1227 2640 de
1275 2592 1576 2654 Luntrethyn
1622 2591 1758 2641 miles
1806 2592 2068 2640 vicecomes
2124 2593 2379 2656 deputatus
2440 2610 2470 2641 a

539 2698 756 2746 supremo
781 2681 969 2728 domino
993 2685 1156 2728 nostro
1180 2696 1288 2743 rege
1323 2681 1384 2727 ad
1419 2680 1686 2728 faciendum
1711 2680 1883 2743 inquiri
1907 2696 1992 2743 per
2013 2680 2188 2743 probos
2221 2685 2271 2729 et
2305 2681 2469 2731 fideles

539 2771 691 2834 patrie
717 2771 775 2817 de
799 2769 1020 2816 libertate
1041 2768 1158 2816 dicti
1180 2769 1271 2816 fori
1295 2773 1343 2816 et
1367 2768 1475 2816 aliis
1498 2767 1890 2816 concernentibus
1913 2768 2091 2816 dictum
2114 2769 2265 2816 forum
2287 2769 2471 2818 Certifi-

542 2874 702 2907 camus
747 2857 962 2905 omnibus
997 2872 1194 2920 quorum
1229 2857 1428 2904 interest
1465 2859 1515 2903 et
1552 2855 1663 2919 quia
1707 2855 1843 2903 nobis
1876 2855 2150 2904 sedentibus
2186 2856 2234 2903 in
2272 2857 2469 2906 ciuitate

543 2946 849 2995 Brechinensi
883 2950 932 2993 et
967 2944 1149 2994 vocatis
1184 2945 1382 2993 diuersis
1419 2944 1654 2992 nobilibus
1693 2943 1853 3007 probis
1887 2947 1936 2992 et
1970 2943 2186 2992 fidelibus
2218 2946 2371 3008 patrie
2407 2949 2467 2994 ad

540 3037 804 3084 faciendam
843 3035 1020 3082 dictam
1062 3033 1415 3097 inquisitionem
1452 3033 1650 3081 fecimus
1695 3031 1787 3094 legi
1833 3031 1988 3080 dictas
2024 3035 2181 3080 cartas
2218 3037 2266 3081 et
2304 3033 2469 3084 literas

541 3123 726 3188 publice
762 3137 916 3170 coram
955 3121 1169 3170 omnibus
1203 3122 1252 3168 in
1287 3122 1383 3170 suis
1421 3120 1724 3184 originalibus
1759 3124 1808 3168 et
1843 3119 2139 3168 collationari
2173 3107 2283 3168 'cum
2320 3124 2470 3186 copiis

542 3211 845 3276 sequentibus
882 3237 892 3247 ·
931 3210 998 3258 Et
1022 3209 1133 3273 quia
1157 3210 1357 3259 vidimus
1381 3214 1430 3258 et
1454 3210 1720 3258 audiuimus
1743 3208 1983 3272 predictas
2017 3209 2177 3272 copias
2201 3226 2306 3258 cum
2332 3212 2471 3274 origi-

541 3301 726 3350 nalibus
749 3300 798 3347 in
821 3298 1038 3347 omnibus
1061 3299 1348 3347 concordare
1383 3300 1443 3347 ad
1477 3299 1686 3347 futuram
1721 3301 1771 3345 et
1805 3300 2080 3361 perpetuam
2105 3298 2173 3345 rei
2197 3299 2468 3348 memoriam
