2950 3970
582 634 1048 690 REGISTRUM
1086 636 1619 693 EPISCOPATUS
1659 636 2241 692 BRECHINENSIS.
2295 634 2401 694 157

478 823 588 885 quia
610 839 750 871 nemo
772 824 1036 887 comparuit
1074 826 1134 873 ad
1173 826 1487 890 recipiendam
1524 825 1885 890 appellationem
1933 824 2187 887 assignauit
2235 824 2397 872 orasti-

479 928 587 959 nam
614 913 738 959 diem
762 912 944 961 scilicet
969 914 1250 963 dominicam
1274 916 1334 963 ad
1359 915 1673 979 recipiendam
1691 913 2053 978 appellationem
2093 941 2103 951 ·
2140 913 2206 960 Et
2223 912 2271 959 in
2289 927 2396 959 con-

479 1002 653 1049 tinenti
689 1002 847 1065 posuit
882 1018 1022 1050 unam
1057 1008 1240 1067 partem
1273 1004 1603 1068 appellationis
1635 1005 1697 1051 ad
1730 1006 1913 1067 portam
1945 1001 2177 1050 borealem
2201 999 2395 1048 ecclesie

482 1090 817 1139 Brechinensis
855 1091 1043 1155 publice
1083 1092 1345 1141 intimando
1391 1092 1432 1141 si
1478 1093 1689 1156 prefatus
1728 1091 2083 1139 archidiaconus
2121 1088 2195 1138 vel
2228 1087 2395 1151 aliquis

480 1179 660 1228 habens
682 1184 970 1243 potestatem
1005 1181 1065 1228 ab
1100 1197 1157 1229 eo
1194 1181 1336 1229 vellet
1370 1185 1532 1245 petere
1568 1181 1741 1228 dictam
1776 1179 2136 1243 appellationem
2171 1193 2274 1225 eam
2308 1177 2393 1225 sibi

484 1270 678 1317 daretur
711 1269 795 1316 sed
819 1284 958 1316 nemo
982 1269 1110 1317 venit
1133 1270 1195 1317 ad
1218 1270 1473 1332 petendum
1511 1298 1521 1306 -
1558 1268 1913 1332 Appellationes
1935 1267 2003 1315 sic
2026 1266 2253 1329 incipiunt
2290 1293 2300 1303 ·
2337 1264 2395 1311 In

484 1358 580 1406 Dei
614 1357 803 1406 nomine
839 1359 993 1404 Amen
1031 1385 1042 1395 ·
1081 1358 1173 1405 Per
1205 1359 1294 1406 hoc
1328 1373 1521 1421 presens
1553 1356 1789 1420 publicum
1824 1357 2181 1404 instrumentum
2215 1353 2396 1400 cunctis

485 1451 650 1510 pateat
674 1446 922 1494 euidenter
944 1447 1069 1510 quod
1092 1460 1215 1494 anno
1239 1445 1588 1493 Incarnationis
1622 1444 1870 1492 Dominice
1903 1442 2148 1491 millesimo
2183 1442 2399 1505 quadrin-

485 1536 747 1599 gentesimo
771 1535 1156 1599 quinquagesimo
1180 1535 1432 1583 secundum
1469 1549 1655 1582 cursum
1689 1537 1738 1580 et
1774 1531 2167 1594 computationem
2202 1529 2396 1577 ecclesie

487 1625 738 1673 Scoticane
761 1625 937 1673 mensis
960 1641 1070 1672 vero
1098 1624 1261 1672 Martii
1282 1623 1357 1670 die
1380 1622 1526 1671 tertia
1549 1621 1803 1669 indictione
1829 1619 2010 1667 decima
2032 1622 2199 1682 quarta
2215 1618 2397 1681 pontifi-

488 1718 624 1762 catus
661 1742 671 1751 ·
711 1741 721 1751 ·
760 1741 770 1751 ·
807 1712 984 1760 domini
1034 1712 1269 1760 Nicholaii
1308 1740 1317 1749 -
1357 1740 1367 1749 ·
1407 1739 1416 1748 ·
1453 1727 1573 1774 pape
1608 1709 1758 1773 quinti
1794 1724 1917 1756 anno
1953 1711 2121 1771 quarto
2157 1735 2167 1744 ·
2204 1706 2264 1754 In
2308 1707 2399 1754 mei

487 1802 662 1850 notarii
684 1801 862 1866 publici
880 1805 930 1849 et
947 1801 1138 1849 testium
1160 1800 1525 1863 subscriptorum
1543 1798 1779 1862 presentia
1796 1796 2103 1861 personaliter
2120 1798 2400 1844 constitutus

489 1892 776 1940 reuerendus
799 1890 848 1938 in
872 1889 1031 1938 Cristo
1054 1893 1192 1953 pater
1216 1893 1306 1937 etc.
1345 1917 1354 1926 -
1392 1889 1459 1936 Et
1482 1889 1550 1935 sic
1574 1887 1753 1942 finiuit;
1778 1884 2078 1933 Presentibus
2101 1883 2272 1930 ibidem
2289 1897 2400 1929 ven-

489 1979 744 2028 erabilibus
767 1978 879 2026 viris
916 1978 1148 2040 Magistro
1181 1978 1215 2024 J
1219 1978 1402 2025 ohanne
1439 1976 1672 2023 Lichtoun
1707 1975 1885 2021 decano
1921 1973 2131 2020 Roberto
2166 1973 2223 2019 de
2258 1971 2401 2018 Cran-

490 2070 612 2116 noch
636 2072 830 2116 cantore
859 2066 1020 2114 Dauid
1045 2067 1102 2113 de
1128 2065 1372 2112 Crannoch
1410 2063 1689 2111 cancellario
1725 2062 1963 2125 Stephano
1997 2059 2185 2122 Anguss
2217 2059 2403 2107 thesau-

490 2158 615 2205 rario
640 2161 689 2205 et
711 2157 745 2203 J
749 2157 933 2203 ohanne
955 2155 1004 2202 M
1010 2170 1259 2217 onypenny
1276 2152 1585 2216 prebendario
1604 2152 1661 2198 de
1682 2149 1923 2211 Buttirgill
1941 2148 2139 2196 dominis
2158 2146 2405 2195 Michaelis

492 2246 668 2294 vicario
693 2246 751 2292 de
777 2242 1014 2292 Fernwell
1039 2242 1198 2289 Dauid
1224 2242 1412 2288 Andree
1435 2241 1468 2287 J
1473 2240 1620 2287 acobo
1645 2238 1783 2286 Steill
1805 2241 1854 2285 et
1880 2236 2134 2284 Laurentio
2169 2237 2226 2284 de
2261 2236 2428 2292 Gran--

493 2335 615 2382 noch
633 2333 832 2381 notariis
850 2331 1051 2395 publicis
1069 2346 1174 2378 cum
1194 2329 1356 2377 multis
1373 2328 1480 2376 aliis
1496 2327 1698 2375 testibus
1714 2327 1774 2373 ad
1792 2325 2019 2388 premissa
2036 2323 2214 2371 vocatis
2230 2323 2406 2386 pariter

495 2429 544 2471 et
579 2423 757 2486 rogatis
794 2449 805 2458 -
842 2420 1028 2467 Deinde
1071 2418 1197 2466 lecta
1231 2421 1304 2465 est
1339 2416 1505 2464 citatio
1538 2416 1679 2462 trium
1715 2415 1773 2461 de
1809 2412 2183 2474 Strathauchyne
2229 2410 2408 2459 scilicet

495 2511 673 2560 domini
699 2508 901 2572 Angusii
923 2508 956 2554 J
961 2506 1160 2555 ohannis
1181 2505 1343 2553 vicarii
1363 2505 1420 2551 de
1440 2503 1818 2564 Strathauchyne
1843 2499 2061 2547 Mauricii
2086 2499 2228 2546 Clerk
2251 2498 2407 2546 clerici

495 2598 779 2664 parochialis
801 2597 1009 2645 eiusdem
1034 2599 1082 2642 et
1107 2593 1266 2642 Dauid
1291 2592 1437 2647 Quhit
1455 2589 1725 2654 parochiani
1744 2589 1950 2636 eiusdem
1975 2603 2112 2650 quam
2136 2586 2405 2634 citationem

495 2688 762 2737 audiuimus
786 2685 835 2733 in
869 2684 1049 2746 judicio
1072 2682 1328 2746 perlectam
1353 2679 1604 2742 sigillatam
1628 2676 1779 2740 sigillo
1803 2676 2002 2724 rotundo
2027 2674 2141 2722 dicti
2167 2674 2408 2721 reuerendi

498 2777 649 2842 patris
673 2780 722 2824 et
746 2777 991 2823 executam
1016 2787 1101 2835 per
1124 2770 1301 2818 dictum
1318 2769 1351 2815 J
1356 2766 1688 2828 ohannem-Gy
1711 2764 2032 2827 presbyterum
2055 2762 2140 2810 sub
2159 2777 2243 2809 suo
2261 2761 2411 2823 sigillo

500 2882 591 2929 que
615 2865 754 2913 ambo
778 2862 932 2925 sigilla
954 2861 1073 2908 bene
1097 2857 1399 2920 cognouimus
1435 2883 1446 2893 ·
1483 2853 1575 2908 Qui
1598 2857 1695 2900 tres
1721 2851 1872 2899 vocati
1905 2851 1965 2898 ad
1999 2852 2264 2912 presentem
2287 2848 2407 2895 diem

500 2954 863 3016 comparuerunt
900 2953 949 2997 et
983 2962 1191 2997 seorsum
1215 2948 1324 2994 sunt
1346 2942 1496 2990 auditi
1535 2969 1544 2979 ·
1582 2942 1647 2988 Et
1670 2939 1821 3003 primo
1854 2938 2030 3002 primus
2061 2937 2201 2985 testis
2233 2936 2412 2985 scilicet

502 3042 703 3089 vicarius
726 3041 1041 3100 interrogatus
1065 3038 1178 3098 quot
1201 3032 1311 3081 anni
1347 3034 1480 3078 erant
1515 3029 1638 3092 quod
1673 3027 1762 3074 fuit
1797 3026 1968 3073 ibidem
2003 3024 2202 3072 vicarius
2237 3028 2286 3071 et
2320 3041 2411 3087 quo

502 3136 716 3193 tempore
749 3127 863 3175 anni
903 3124 1100 3174 intrauit
1136 3149 1146 3159 ·
1185 3119 1400 3169 Secundo
1447 3116 1487 3166 si
1534 3115 1888 3164 archidiaconus
1925 3111 2254 3159 Brechinensis
2287 3112 2411 3174 cepit

502 3221 684 3267 fructus
699 3215 826 3264 illius
840 3213 1038 3263 ecclesie
1053 3215 1158 3260 toto
1174 3214 1384 3271 tempore
1403 3222 1487 3254 suo
1521 3233 1531 3242 ·
1564 3202 1726 3250 Tertio
1741 3202 1780 3250 si
1795 3200 1933 3249 sciuit
1947 3199 2070 3263 quod
2085 3199 2211 3262 cepit
2225 3199 2284 3245 ab
2302 3202 2411 3245 ante

501 3307 738 3371 aliquibus
763 3303 912 3358 annis,
931 3303 1119 3364 juratus
1142 3295 1392 3360 respondet
1411 3308 1501 3356 quo
1519 3292 1578 3339 ad
1598 3289 1794 3354 primum
1819 3288 1941 3350 quod
1966 3286 2145 3334 duobus
2167 3285 2302 3333 annis
2323 3285 2411 3331 fuit
