2950 3970
635 619 1103 678 REGISTRUM
1140 625 1683 686 EPISCOPATUS
1723 632 2315 693 BRECHINENSIS.
2371 641 2477 696 103

559 823 644 869 per
678 809 890 858 notarios
925 816 1111 861 nostros
1145 814 1356 876 publicos
1392 817 1682 882 subscriptos
1720 821 1779 868 de
1816 824 2038 871 mandato
2075 828 2236 872 nostro
2276 825 2475 888 desuper

556 896 850 959 publicatum
867 891 1123 962 sigillorum
1146 907 1409 951 nostrorum
1426 905 1651 967 jussimus
1674 912 1723 956 et
1745 908 1942 958 fecimus
1963 911 2324 973 appensionibus
2351 927 2475 960 com-

556 985 727 1033 muniri
766 1014 776 1025 ·
813 987 940 1037 Acta
961 989 1150 1039 fuerunt
1173 991 1261 1040 hec
1284 993 1408 1056 apud
1444 994 1717 1058 Edinburgh
1740 996 1790 1044 in
1813 997 1952 1045 domo
1986 998 2291 1047 habitationis
2315 999 2473 1047 vicarii

557 1075 765 1124 eiusdem
790 1076 871 1124 ubi
893 1077 1089 1140 triginta
1110 1095 1196 1127 sex
1220 1081 1434 1143 deputati
1457 1097 1519 1129 ex
1543 1082 1836 1132 ordinatione
1859 1085 2001 1133 trium
2025 1089 2234 1134 statuum
2255 1086 2406 1148 Regni
2425 1091 2474 1134 et

555 1164 857 1228 parliamenti
881 1166 928 1213 in
953 1166 1082 1215 dicto
1100 1168 1245 1232 burgo
1269 1170 1327 1216 de
1353 1169 1627 1234 Edinburgh
1651 1171 1783 1234 Rege
1806 1177 2024 1235 presente
2047 1173 2169 1221 tenti
2191 1173 2378 1221 fuerunt
2402 1189 2475 1222 so-

555 1251 809 1317 lempniter
824 1258 939 1302 tunc
957 1256 1225 1317 congregati
1248 1256 1470 1306 vicesima
1487 1261 1658 1306 octaua
1681 1259 1758 1306 die
1780 1260 1954 1315 mensis
1970 1260 2003 1306 J
2008 1260 2105 1307 unii
2124 1262 2263 1308 Anno
2283 1261 2474 1309 Domini

558 1340 815 1390 Millesimo
851 1343 1312 1406 quadringentesimo
1346 1346 1699 1409 quadragesimo
1741 1347 1905 1410 quinto
1942 1376 1953 1386 ·
1988 1348 2254 1396 Indictione
2301 1353 2472 1396 octaua

555 1430 857 1493 pontificatus
879 1431 1164 1480 sanctissimi
1187 1432 1235 1480 in
1260 1432 1418 1482 Cristo
1441 1434 1592 1497 patris
1628 1461 1638 1471 ·
1677 1461 1687 1472 ·
1726 1461 1738 1472 ·
1774 1433 1978 1497 Eugenii
2015 1463 2025 1473 ·
2064 1463 2074 1473 ·
2113 1463 2123 1472 ·
2159 1451 2279 1498 pape
2314 1437 2471 1499 quarti

556 1534 680 1567 anno
716 1520 899 1567 decimo
931 1519 1097 1583 quinto
1136 1521 1440 1570 Presentibus
1474 1521 1648 1568 ibidem
1683 1522 1952 1571 reuerendis
1987 1522 2034 1570 in
2070 1522 2226 1571 Cristo
2259 1523 2472 1585 patribus

553 1608 588 1654 J
591 1608 740 1656 acobo
781 1608 1020 1671 Episcopo
1066 1607 1394 1658 Dunkeldensi
1439 1608 1733 1657 Cancellario
1779 1610 1938 1658 Scotie
1982 1610 2016 1656 J
2021 1611 2201 1658 ohanne
2238 1610 2472 1673 Episcopo

560 1695 840 1759 Glasguensi
876 1695 1104 1744 Michaeli
1139 1695 1376 1760 Episcopo
1413 1696 1739 1745 Dunblanensi
1773 1701 1822 1745 et
1858 1698 2060 1760 Georgio
2102 1698 2337 1760 Episcopo
2385 1699 2472 1744 Er-

557 1784 769 1848 gadiensi
796 1812 806 1822 ·
827 1783 1024 1832 Necnon
1041 1783 1385 1833 venerabilibus
1401 1784 1622 1833 Patribus
1645 1784 1844 1833 dominis
1869 1784 2109 1832 Willelmo
2133 1786 2190 1832 de
2210 1784 2360 1832 Calko
2383 1786 2470 1832 Ri-

558 1875 702 1922 cardo
726 1874 784 1921 de
810 1872 1151 1935 Dunfermelyn
1173 1873 1208 1920 J
1211 1873 1360 1920 acobo
1384 1873 1442 1920 de
1467 1872 1699 1920 Lundoris
1734 1872 1942 1920 Patricio
1964 1876 2125 1920 sancte
2151 1872 2314 1919 Crucis
2347 1873 2469 1934 apud

561 1963 836 2026 Edinburgh
869 1962 1055 2009 Jacobo
1090 1962 1149 2008 de
1184 1960 1421 2023 Driburgh
1455 1959 1698 2008 Willelmo
1733 1961 1790 2007 de
1826 1960 1982 2023 Cupro
2004 1960 2037 2005 J
2042 1960 2223 2007 ohanne
2263 1961 2319 2006 de
2347 1960 2471 2006 Dere

559 2051 768 2099 Ricardo
803 2051 862 2097 de
898 2049 1245 2111 Balmurynoch
1269 2052 1318 2096 et
1341 2049 1375 2095 J
1377 2048 1526 2097 acobo
1561 2049 1620 2095 de
1645 2047 1852 2110 Kynloss
1886 2047 2134 2095 abbatibus
2170 2075 2180 2084 -
2216 2049 2288 2093 Ac
2329 2048 2471 2094 etiam

557 2138 792 2187 nobilibus
809 2141 859 2186 et
877 2129 1141 2186 valentibus
1164 2136 1363 2185 dominis
1379 2136 1464 2184 viz.
1484 2135 1756 2184 Alexandro
1780 2136 1837 2182 de
1863 2135 2218 2197 Montegomery
2238 2135 2472 2182 Herberto

558 2228 748 2276 domino
771 2228 830 2275 de
856 2226 1067 2275 Maxwel
1092 2225 1300 2273 Patricio
1324 2225 1459 2287 Lyon
1482 2224 1669 2272 domino
1693 2224 1750 2270 de
1776 2222 2020 2284 Glammys
2039 2222 2072 2269 J
2076 2223 2256 2269 ohanne
2287 2222 2471 2269 domino

560 2318 619 2365 (16
638 2317 891 2380 Lyndesay
909 2316 967 2362 de
986 2314 1113 2362 Biris
1128 2311 1406 2360 Alexandro
1423 2312 1600 2375 Erwyn
1618 2312 1675 2359 de
1694 2310 1843 2357 Drum
1856 2310 1891 2356 J
1894 2309 2074 2357 ohanne
2091 2308 2256 2371 Ogilvy
2275 2309 2332 2355 de
2350 2309 2473 2355 Lun-

558 2405 783 2468 trethyng
803 2404 838 2450 J
842 2404 1025 2452 ohanne
1062 2402 1406 2465 Skyrmegeour
1435 2398 1782 2448 constabulario
1816 2398 1874 2444 de
1898 2397 2070 2444 Dunde
2098 2395 2252 2443 Dauid
2279 2397 2474 2457 Murray

560 2495 619 2542 de
643 2493 778 2542 Gask
805 2496 854 2540 et
879 2490 1142 2539 Laurencio
1165 2488 1351 2537 domino
1375 2489 1433 2535 (16
1457 2486 1727 2549 Abirneth)⁷
1749 2484 1976 2532 militibus
1998 2484 2189 2532 Andrea
2211 2483 2398 2530 domino
2428 2483 2471 2529 le

561 2584 692 2645 Gray
729 2582 788 2629 de
826 2579 990 2628 Foulis
1015 2576 1258 2625 Willelmo
1296 2575 1483 2624 domino
1520 2575 1579 2621 de
1617 2570 1920 2620 Summervile
1955 2569 2195 2632 armigeris
2230 2597 2242 2607 ·
2279 2570 2470 2617 Necnon

558 2666 911 2719 honorabilibus
947 2671 997 2715 et
1033 2665 1242 2730 prouidis
1278 2663 1389 2711 viris
1410 2663 1443 2710 J
1447 2662 1628 2710 ohanne
1664 2661 1722 2707 de
1758 2659 2037 2721 Leuyntoun
2060 2656 2378 2704 commissario
2412 2658 2469 2703 de

560 2759 835 2822 Edinburgh
853 2757 888 2804 J
890 2757 1073 2805 ohanne
1091 2755 1150 2802 de
1170 2753 1463 2816 Hadyntoun
1480 2747 1796 2798 commissario
1815 2746 1873 2793 de
1894 2744 2037 2792 Perth
2051 2745 2084 2791 J
2088 2744 2268 2792 ohanne
2288 2744 2472 2806 Scrogis

559 2846 880 2897 commissario
920 2845 980 2892 de
1021 2842 1263 2903 Abirdeyn
1298 2837 1539 2886 Willelmo
1574 2837 1631 2883 de
1666 2833 2025 2895 Strathzaqun
2061 2830 2377 2878 commissario
2413 2832 2470 2878 de

562 2937 734 2985 Dunde
758 2934 951 2982 Andrea
975 2932 1110 2979 Rede
1133 2926 1450 2977 commissario
1474 2925 1532 2972 de
1557 2923 1800 2970 Endernes
1828 2918 2042 2966 Waltero
2065 2919 2123 2965 de
2147 2917 2323 2964 Tuloch
2349 2933 2471 2965 com-

558 3025 772 3074 missario
796 3023 855 3070 de
881 3021 1102 3069 Monross
1121 3016 1323 3065 testibus
1344 3015 1406 3062 ad
1421 3011 1651 3076 premissa
1672 3007 1850 3057 vocatis
1882 3005 2059 3069 pariter
2080 3009 2129 3052 et
2152 3004 2325 3066 rogatis
2361 3032 2371 3042 ·

631 3115 698 3161 Et
723 3127 810 3175 ego
833 3108 993 3161 Dauid
1017 3105 1125 3155 Bell
1148 3103 1347 3152 clericus
1369 3098 1705 3149 Sanctiandree
1739 3093 1953 3143 dioecesis
1979 3091 2191 3155 publicus
2214 3091 2471 3154 apostolica

561 3207 611 3251 et
645 3197 877 3264 imperiali
915 3192 1277 3244 auctoritatibus
1321 3187 1532 3236 notarius
1554 3182 1882 3247 premissamm
1917 3179 2157 3227 literarum
2193 3178 2469 3242 apostolica-

562 3307 664 3339 rum
699 3283 1040 3352 presentationi
1072 3276 1327 3343 receptioni
1363 3270 1666 3338 publicationi
1710 3269 1888 3317 lecture
1922 3266 2200 3329 inspectioni
2235 3267 2472 3313 examina-
