2950 3970
501 617 613 670 212
667 615 1132 672 REGISTRUM
1171 616 1712 673 EPISOOPATUS
1753 618 2346 675 BRECHINENSIS.

503 806 580 868 qui
620 821 704 868 pro
741 811 954 868 tempore
993 806 1136 853 fuerit
1175 805 1442 854 officialium
1485 822 1676 854 suorum
1715 811 1798 854 aut
1837 807 2116 855 vicariorum
2153 809 2442 871 generalium

499 894 610 941 sede
635 898 835 941 vacante
873 895 934 941 ad
973 893 1256 942 solutionem
1295 894 1411 942 dicti
1451 895 1595 942 annui
1620 895 1834 943 redditus
1873 923 1881 932 -
1922 924 1931 932 ·
1971 924 1981 933 ·
2017 912 2102 959 per
2123 897 2443 960 suspensionis

499 982 1007 1030 excommunicationis
1030 982 1275 1030 interdicti
1301 986 1350 1030 et
1385 982 1505 1030 alias
1529 998 1754 1032 censuras
1778 983 2127 1033 ecclesiasticas
2151 985 2391 1033 coherceri
2431 1014 2440 1022 -

501 1070 559 1116 In
600 1070 732 1118 cuius
771 1071 838 1119 rei
875 1071 1199 1119 testimonium
1239 1070 1443 1134 sigillum
1486 1075 1699 1120 nostrum
1736 1072 2034 1135 presentibus
2072 1077 2145 1121 est
2182 1089 2442 1137 appensum

499 1160 624 1222 apud
667 1159 968 1207 Fethmeluin
993 1159 1272 1207 duodecimo
1311 1159 1387 1207 die
1425 1160 1600 1208 mensis
1641 1160 1760 1208 Maii
1797 1177 1922 1208 anno
1961 1160 2157 1208 Domini
2193 1159 2440 1209 millesimo

500 1248 961 1311 quadringentesimo
1015 1247 1336 1311 octuagesimo
1392 1248 1557 1311 quinto
1595 1275 1606 1287 ·
1644 1248 1815 1296 Coram
1864 1249 1956 1297 hiis
2001 1250 2205 1298 testibus
2252 1250 2442 1298 domino

502 1336 778 1383 Alexandro
814 1336 929 1384 Scot
962 1340 1147 1384 rectore
1186 1337 1244 1384 de
1287 1337 1516 1399 Wigtoun
1541 1337 1753 1385 Candide
1793 1338 2010 1386 dioecesis
2046 1338 2218 1387 clerico
2257 1339 2442 1401 registri

503 1429 551 1472 et
591 1424 850 1472 rotulorum
888 1425 1095 1488 supremi
1131 1425 1308 1472 domini
1344 1426 1493 1475 nostri
1522 1426 1645 1488 regis
1671 1426 1916 1489 Magistris
1954 1427 2171 1475 Gilberto
2197 1429 2351 1490 Tyrye
2378 1428 2443 1474 vi-

503 1513 630 1560 cario
673 1514 731 1560 de
777 1512 952 1576 Cargill
996 1513 1350 1562 Dunkeldensis
1391 1514 1608 1563 dioecesis
1655 1515 1866 1562 Henrico
1915 1516 2138 1579 Lyndsay
2185 1516 2442 1564 camerario

502 1606 664 1650 nostro
707 1602 912 1664 Georgio
957 1602 1142 1650 Mersar
1183 1606 1231 1650 et
1272 1602 1434 1650 Dauid
1475 1603 1597 1650 Glen
1635 1604 1878 1667 armigeris
1916 1605 2090 1653 nostris
2114 1621 2219 1652 cum
2244 1606 2443 1654 diuersis

503 1690 609 1738 aliis
648 1719 656 1727 -
695 1691 1039 1754 Quamquidem
1083 1695 1262 1738 cartam
1303 1719 1312 1728 ·
1355 1720 1363 1729 -
1403 1719 1413 1728 ·
1450 1696 1499 1739 et
1535 1692 1862 1740 obseruantias
1903 1693 1950 1739 in
1992 1694 2156 1741 eadem
2194 1698 2443 1744 contentas

558 1808 566 1816 -
607 1807 616 1816 ·
655 1779 942 1827 ratificamus
980 1807 989 1816 ·
1031 1808 1039 1816 -
1079 1808 1088 1815 -ι
1127 1783 1176 1827 et
1200 1780 1260 1827 ad
1287 1795 1476 1827 manum
1511 1785 1744 1828 mortuam
1783 1809 1793 1820 ·
1834 1809 1843 1818 ·
1884 1810 1893 1818 ·
1930 1783 2257 1830 confirmamus
2294 1811 2303 1821 -
2342 1783 2444 1831 Sal-

507 1869 579 1916 uis
620 1869 756 1916 nobis
799 1871 847 1915 et
884 1869 1236 1917 successoribus
1273 1869 1448 1917 nostris
1488 1869 1604 1916 dicti
1643 1869 1873 1932 capellani
1915 1871 2130 1933 perpetui
2169 1875 2217 1918 et
2254 1887 2442 1919 suorum

505 1973 828 2005 successorum
853 1957 1117 2005 orationum
1155 1957 1386 2020 suffragiis
1421 1958 1697 2005 deuotarum
1733 1962 1919 2005 tantum
1959 1987 1969 1995 ·
2007 1959 2065 2006 In
2102 1959 2234 2007 cuius
2258 1960 2325 2007 rei
2349 1964 2444 2008 tes-

506 2046 755 2094 timonium
780 2046 989 2109 presenti
1014 2050 1144 2093 carte
1169 2050 1330 2093 nostre
1361 2046 1730 2094 confirmationis
1753 2051 1802 2094 et
1827 2047 2202 2095 mortificationis
2226 2064 2443 2111 magnum

505 2134 707 2198 sigillum
746 2139 957 2183 nostrum
996 2135 1169 2198 apponi
1207 2135 1500 2198 precepimus
1537 2135 1741 2183 testibus
1776 2135 2166 2184 reuerendissimo
2203 2137 2250 2183 in
2287 2136 2444 2185 Cristo

506 2229 641 2287 patre
672 2223 914 2271 Willelmo
949 2224 1304 2287 archiepiscopo
1341 2223 1683 2271 Sanctiandree
1708 2224 1978 2272 reuerendis
2015 2225 2062 2271 in
2103 2224 2261 2273 Cristo
2288 2224 2445 2288 ‘patri-

507 2314 593 2361 bus
622 2313 835 2360 Roberto
858 2313 1081 2375 episcopo
1106 2312 1386 2375 Glasguensi
1414 2311 1656 2359 Willelmo
1693 2312 1914 2376 episcopo
1951 2314 2277 2362 Aberdonensi
2303 2314 2445 2362 dilec-

506 2403 569 2450 tis
607 2401 963 2464 consanguineis
1001 2401 1175 2449 nostris
1214 2400 1380 2448 Colino
1420 2400 1595 2448 comite
1635 2402 1692 2448 de
1732 2401 1866 2464 Argil
1904 2403 2092 2450 domino
2130 2403 2358 2466 Campbel
2393 2409 2442 2452 et

512 2491 666 2537 Lorne
704 2489 987 2537 cancellario
1023 2494 1186 2538 nostro
1227 2490 1420 2537 Andrea
1456 2489 1646 2536 domino
1683 2490 1960 2539 Awandeile
1988 2491 2231 2540 Willelmo
2255 2493 2445 2540 domino

511 2579 788 2627 Borthwick
814 2579 1050 2642 magistris
1074 2578 1234 2626 Dauid
1262 2579 1578 2627 Lewenstoun
1597 2579 1837 2642 preposito
1863 2580 1920 2626 de
1947 2579 2269 2628 Lincloudane
2293 2582 2443 2630 nostri

509 2669 680 2716 secreti
706 2667 845 2730 sigilli
870 2669 1065 2716 custode
1087 2666 1381 2715 Archibaldo
1401 2666 1644 2722 Quhitlaw
1662 2667 1996 2715 archidiacono
2017 2668 2260 2716 Laudonie
2284 2674 2446 2718 nostro

510 2756 768 2804 secretario
810 2761 858 2803 et
902 2755 1183 2803 Alexandro
1226 2756 1341 2803 Scot
1383 2758 1567 2803 rectore
1603 2755 1661 2803 de
1699 2755 1929 2818 Wigtoun
1972 2756 2143 2804 clerico
2178 2762 2445 2806 nostrorum

512 2845 774 2892 rotulorum
813 2849 861 2892 et
900 2845 1086 2907 registri
1125 2873 1135 2881 ·
1173 2845 1313 2907 Apud
1354 2843 1630 2907 Edinburgh
1668 2843 1974 2892 decimonono
2010 2844 2086 2892 die
2121 2846 2295 2894 mensis
2328 2847 2361 2893 J
2367 2847 2447 2894 ulii

511 2950 634 2980 anno
660 2934 853 2982 Domini
878 2932 1126 2980 millesimo
1152 2931 1613 2996 quadringentesimo
1638 2932 1958 2996 octuagesimo
1983 2932 2146 2996 quinto
2185 2962 2194 2971 ·
