2950 3970
589 629 1053 686 REGISTRUM
1091 631 1626 690 EPISCOPATUS
1666 635 2254 692 BREOHINENSIS.
2306 638 2411 692 149
2473 702 2477 706 p

485 817 940 879 perambulationem
987 820 1141 870 factas
1178 825 1227 870 et
1265 821 1531 872 declaratas
1569 823 1695 871 inter
1733 828 1885 873 terras
1909 828 1958 872 et
1982 827 2142 887 partes
2176 825 2410 888 predictas

484 920 627 968 super
649 906 781 954 dicta
803 923 930 971 aqua
966 936 976 946 ·
1014 909 1081 958 Et
1119 912 1253 974 quasi
1283 912 1500 960 totaliter
1539 927 1680 975 super
1715 912 1865 982 ripam
1901 928 2021 976 aque
2045 914 2103 962 de
2127 912 2284 960 Cruok
2318 927 2408 975 quo

486 994 547 1041 ad
571 994 826 1043 australem
851 1000 1035 1059 partem
1073 999 1134 1047 ab
1171 1000 1353 1048 oriente
1388 1016 1534 1065 usque
1573 1002 1634 1050 ad
1670 1002 1962 1050 occidentem
1987 1017 2078 1065 quo
2101 1002 2162 1050 ad
2185 1001 2408 1051 terminos

487 1082 642 1131 dictos
690 1109 702 1122 ι
751 1084 816 1132 Ε1
863 1087 1121 1134 secundum
1169 1088 1345 1137 dictam
1387 1089 1755 1138 declarationem
1802 1089 1850 1136 in
1895 1090 2134 1153 presentia
2179 1089 2409 1137 dictorum

480 1171 746 1232 juratorum
772 1177 821 1222 et
846 1174 1045 1223 aliorum
1070 1176 1118 1224 111
1142 1178 1348 1226 maximo
1366 1195 1560 1228 numero
1583 1179 1719 1243 posui
1741 1182 1895 1226 metas
1918 1182 1967 1227 et
1991 1178 2172 1242 lapides
2194 1177 2242 1224 in
2265 1177 2411 1225 fossa-

487 1261 552 1310 tis
571 1265 624 1310 ut
642 1263 856 1326 sequitur
893 1291 904 1302 ·
943 1264 1008 1312 Et
1031 1266 1183 1328 primo
1206 1266 1472 1330 incipiendo
1506 1269 1632 1331 apud
1654 1267 1704 1331 ly
1728 1266 2157 1330 Threphalchfurde
2182 1265 2229 1313 in
2253 1264 2411 1314 Cruok

488 1351 791 1399 extendendo
833 1368 993 1402 versus
1033 1354 1326 1403 occidentem
1366 1357 1622 1405 secundum
1661 1356 1906 1420 antiquum
1953 1371 2136 1403 cursum
2183 1369 2304 1417 aque
2351 1354 2408 1400 de

492 1437 652 1488 Cruok
699 1441 1059 1491 determinando
1106 1460 1246 1491 unam
1286 1460 1501 1507 magnam
1547 1445 1729 1508 peciam
1774 1449 1900 1492 terre
1947 1459 2032 1507 pro
2078 1441 2411 1491 communitate

493 1529 803 1578 Brechinensi
839 1547 929 1594 que
966 1531 1212 1580 dicebatur
1234 1533 1470 1596 pertinere
1505 1533 1613 1580 ville
1649 1534 1707 1580 de
1744 1532 1902 1580 Cruok
1939 1560 1949 1569 ·
1986 1531 2169 1579 Deinde
2203 1534 2331 1578 terra
2354 1529 2411 1575 de

495 1617 760 1682 Balzovrdy
784 1635 931 1682 usque
955 1621 1017 1668 ad
1040 1624 1216 1669 terram
1242 1622 1300 1669 de
1326 1621 1588 1669 Balnamvn
1611 1625 1714 1669 erat
1748 1637 1833 1684 pro
1867 1619 1972 1668 aliis
2006 1619 2127 1668 sicut
2161 1634 2283 1681 aqua
2306 1632 2414 1665 con-

495 1708 651 1756 sueuit
676 1723 864 1756 currere
906 1709 967 1756 In
1009 1709 1277 1773 inceptione
1318 1713 1444 1758 terre
1486 1725 1576 1773 que
1619 1709 1862 1757 dicebatur
1902 1709 1959 1755 de
2001 1707 2288 1755 Balnamvne
2329 1721 2412 1767 pro

493 1797 528 1844 J
532 1796 719 1845 ohanne
765 1798 823 1844 de
867 1797 1013 1846 Culas
1055 1802 1105 1846 et
1147 1798 1272 1846 inter
1311 1798 1440 1846 illam
1481 1802 1656 1846 terram
1697 1802 1746 1845 et
1781 1796 2046 1859 Balzourdy
2093 1799 2222 1843 recte
2281 1810 2418 1856 super

494 1902 664 1949 aquam
707 1887 766 1934 de
808 1886 968 1934 Cruok
1001 1887 1178 1935 factum
1214 1886 1306 1935 fuit
1339 1903 1557 1950 magnum
1591 1887 1818 1935 fossatum
1854 1889 1903 1933 et
1938 1900 2052 1932 crux
2105 1899 2208 1931 cum
2249 1898 2414 1945 magno

495 1974 653 2039 lapide
677 1961 942 2039 supposito*
961 1979 1011 2023 et
1048 1977 1108 2023 ab
1148 1975 1230 2024 illo
1268 1975 1373 2024 1060
1397 1991 1543 2038 115(1116
1567 1975 1626 2022 ad
1651 1974 1884 2038 quoddam
1907 1973 2101 2020 torrium
2127 1987 2231 2018 cum
2255 1986 2346 2018 uno
2369 1969 2417 2032 ly

498 2064 626 2128 ruyff
653 2081 744 2127 (1116
787 2065 1068 2112 dicebantur
1109 2080 1212 2113 6556
1256 2063 1474 2112 Nicholai
1499 2064 1640 2126 Kyde
1674 2078 1858 2125 semper
1897 2061 2101 2108 tenendo
2144 2074 2313 2122 aquam
2359 2059 2416 2104 de

500 2153 660 2201 Cruok
684 2157 734 2201 et
758 2170 900 2217 super
921 2154 1231 2217 propinquam
1250 2154 1404 2216 'ripam
1427 2153 1558 2200 facta
1580 2155 1690 2200 511111
1712 2151 1891 2199 fossata
1915 2153 1963 2197 et
1987 2147 2128 2211 positi
2152 2150 2260 2195 sunt
2299 2145 2417 2208 lapi-

503 2244 586 2291 des
610 2243 736 2306 quod
759 2246 916 2290 totum
942 2242 1059 2290 illud
1083 2246 1187 2290 erat
1211 2257 1456 2290 commune
1481 2238 1807 2288 communitati
1831 2236 2136 2285 Brechinensi
2174 2263 2184 2273 ·
2223 2234 2287 2282 Et
2312 2235 2419 2294 quia

503 2332 681 2379 dictum
704 2331 904 2380 torrium
928 2335 978 2380 et
1013 2331 1063 2394 ly
1097 2331 1209 2394 ruyf
1237 2329 1598 2378 declarabantur
1631 2342 1733 2376 esse
1757 2326 1877 2373 infra
1899 2328 2050 2373 metas
2073 2322 2421 2371 communitatis

506 2420 842 2469 Brechinensis
880 2448 890 2458 ·
928 2421 1047 2467 Ideo
1070 2419 1282 2467 funditus
1305 2419 1596 2466 destructum
1620 2418 1692 2463 est
1717 2414 1893 2462 dictum
1917 2412 2111 2460 torrium
2135 2415 2184 2458 et
2221 2409 2268 2472 ly
2285 2419 2289 2423 ’
2304 2409 2427 2471 ruyff

504 2509 614 2572 quia
655 2509 848 2557 stabant
888 2508 938 2555 in
979 2508 1110 2556 dicto
1149 2506 1383 2555 communi
1424 2503 1730 2553 Brechinensi
1771 2506 1818 2550 et
1859 2505 1972 2548 tunc
2018 2499 2292 2547 dicebantur
2337 2513 2421 2559 pro

506 2596 756 2645 Nicholaio
798 2597 913 2660 Kyd
953 2600 1003 2644 et
1043 2596 1174 2660 prius
1207 2611 1292 2658 pro
1326 2595 1360 2641 J
1364 2609 1538 2657 opsoue
1576 2619 1586 2629 ·
1623 2591 1809 2638 Deinde
1846 2588 2201 2636 declarauerunt
2241 2586 2300 2633 ab
2341 2585 2422 2632 illo

505 2686 610 2734 loco
645 2701 831 2749 semper
853 2686 1059 2734 tenendo
1093 2684 1241 2747 ripam
1279 2684 1336 2730 de
1373 2681 1532 2729 Cruok
1566 2695 1711 2743 usque
1734 2678 1783 2741 ly
1806 2675 2061 2725 Blacklech
2085 2678 2137 2722 at
2159 2690 2218 2736 ye
2245 2674 2423 2735 Wayn-

506 2775 642 2822 surde
661 2775 714 2822 of
734 2774 894 2822 Cruok
912 2790 1053 2838 super
1071 2774 1219 2836 ripam
1239 2773 1297 2819 de
1322 2770 1479 2818 Cruok
1503 2769 1551 2815 in
1574 2766 1838 2830 oppositum
1863 2764 1940 2811 ubi
1959 2762 2177 2810 manebat
2196 2760 2422 2808 Tueddall

507 2863 567 2910 ab
594 2862 687 2910 alio
711 2862 861 2910 latere
887 2864 945 2909 de
970 2862 1128 2909 Cruok
1165 2865 1213 2907 et
1248 2859 1297 2921 ly
1332 2858 1458 2920 ruyff
1485 2856 1548 2904 ibi
1585 2871 1729 2919 prope
1753 2854 1813 2901 ad
1836 2855 2046 2900 austrum
2082 2850 2205 2913 quod
2231 2849 2425 2896 vocabae

510 2957 590 2999 tur
613 2951 664 3014 ly
690 2951 922 2998 Tueddall
946 2950 1058 2998 ruiff
1085 2951 1371 3013 prostratum
1395 2947 1455 2993 ad
1478 2949 1650 2992 terram
1674 2958 1759 3005 per
1779 2940 1974 2989 assisam
2012 2966 2022 2975 ·
2060 2938 2125 2986 Et
2149 2938 2241 2986 ista
2263 2936 2428 2984 ultima

511 3045 640 3089 meta
679 3040 727 3086 in
766 3040 1013 3088 occidente
1045 3042 1118 3086 est
1142 3052 1287 3100 prope
1322 3034 1475 3082 locum
1511 3031 1590 3078 ubi
1621 3031 1766 3077 intrat
1792 3027 1975 3089 Lochty
2009 3026 2057 3073 in
2093 3025 2250 3072 Cruok
2288 3052 2297 3062 ·
2335 3023 2427 3071 Sed

511 3130 638 3176 circa
661 3128 866 3175 mediam
892 3128 1014 3175 viam
1040 3127 1164 3173 inter
1188 3124 1365 3172 dictum
1400 3120 1596 3169 torrium
1634 3118 1691 3164 de
1725 3116 1758 3163 J
1762 3130 1935 3178 opsone
1960 3117 2008 3161 et
2032 3113 2159 3159 illam
2183 3116 2355 3159 metam
2380 3112 2426 3158 in

511 3217 758 3265 occidente
800 3215 1159 3263 declarauerunt
1197 3214 1313 3259 duas
1350 3208 1525 3257 insulas
1563 3223 1592 3253 a
1627 3208 1762 3269 parte
1798 3200 1976 3250 boreali
2012 3201 2069 3248 de
2105 3200 2262 3247 Cruok
2297 3199 2428 3261 quasi

511 3305 755 3367 contiguas
796 3319 899 3352 esse
956 3319 1043 3366 pro
1085 3298 1419 3349 communitate
1461 3291 1766 3342 Brechinensi
1804 3318 1814 3328 ·
1852 3290 1916 3337 Et
1958 3289 2004 3336 in
2047 3289 2116 3336 eis
2155 3288 2280 3335 facta
2320 3292 2427 3334 sunt
