2950 3970
556 636 1022 693 REGISTRUM
1060 638 1598 696 EPISCOPATUS
1638 642 2222 701 BREOHINENSIS.
2277 646 2384 701 155

455 826 558 879 Que
600 826 808 873 secunda
841 824 981 874 litera
1014 827 1220 890 sigillata
1255 833 1328 877 est
1363 829 1516 893 sigillo
1552 831 1754 878 rotundo
1789 831 1904 879 dicti
1942 834 2184 880 reuerendi
2230 833 2379 897 patris

455 914 580 976 quod
604 912 808 976 sigillum
835 907 963 962 'bene
1001 917 1303 979 cognouimus
1342 946 1351 956 -
1390 918 1456 966 Et
1494 934 1584 982 que
1615 918 1756 966 litera
1787 936 1881 967 non
1916 925 2117 969 executa
2153 923 2380 971 retradita

454 1006 528 1050 est
565 1002 614 1049 in
649 1002 830 1064 judicio
872 1003 999 1052 dicto
1041 1006 1298 1053 reuerendo
1334 1007 1460 1069 patri
1497 1010 1547 1054 et
1585 1007 1757 1055 ibidem
1797 1007 1924 1056 lecta
1962 1009 2147 1072 publice
2186 1038 2196 1048 ·
2233 1011 2378 1060 Cuius

455 1094 594 1138 tenor
616 1090 685 1139 sic
708 1091 875 1155 incipit
898 1092 933 1138 J
937 1092 1145 1142 ohannes
1173 1093 1268 1141 Dei
1302 1098 1353 1142 et
1386 1095 1644 1158 apostolice
1667 1096 1793 1144 sedis
1814 1097 1967 1159 gratia
1989 1097 2235 1161 episcopus
2267 1101 2381 1147 Bre-

457 1179 694 1228 chinensis
730 1207 741 1217 ·
779 1179 1026 1229 Uniuersis
1067 1185 1116 1229 et
1157 1181 1351 1245 singulis
1391 1183 1695 1231 ecclesiarum
1742 1186 2002 1234 rectoribus
2047 1187 2234 1235 vicariis
2280 1205 2384 1251 per-

456 1266 614 1331 petuis
637 1267 986 1332 capellanisque
1019 1270 1195 1319 curatis
1231 1274 1281 1318 et
1318 1287 1412 1319 non
1450 1272 1627 1320 curatis
1663 1273 1784 1320 infra
1824 1278 2032 1323 nostram
2069 1276 2310 1324 ciuitatem
2335 1281 2383 1324 et

458 1356 697 1405 dioecesim
723 1357 885 1404 diuina
908 1357 1256 1407 celebrantibus
1293 1387 1303 1397 ·
1340 1359 1552 1408 Salutem
1586 1376 1691 1408 cum
1724 1362 2050 1411 benedictione
2074 1364 2234 1412 diuina
2270 1392 2279 1402 ·
2318 1366 2381 1412 Et

458 1446 526 1494 sic
549 1445 684 1502 finit3
717 1445 777 1492 ab
801 1445 1067 1494 huiusmodi
1092 1447 1446 1496 denuntiatione
1470 1464 1564 1496 non
1592 1453 1832 1498 cessantes
1856 1451 2003 1498 donec
2025 1453 2086 1499 ad
2110 1454 2384 1500 cessandum

460 1550 602 1598 super
635 1534 726 1582 hoc
762 1550 794 1581 a
828 1534 966 1582 nobis
1004 1535 1245 1598 recipiatis
1281 1535 1330 1582 in
1366 1537 1603 1584 mandatis
1639 1565 1649 1574 ·
1687 1537 1752 1585 Et
1775 1537 1861 1586 has
1883 1543 2069 1587 nostras
2096 1539 2282 1589 litteras
2303 1557 2386 1604 per

459 1638 543 1671 vos
565 1626 620 1670 ut
642 1622 879 1686 prefertur
902 1622 1061 1670 debite
1086 1627 1136 1670 et
1158 1624 1445 1671 sufficienter
1467 1629 1692 1673 executas
1715 1627 1966 1674 earundem
1990 1629 2172 1675 reddite
2197 1628 2337 1676 latori
2375 1658 2384 1667 -

462 1711 649 1760 Datum
695 1712 821 1776 apud
870 1711 1104 1760 Brechine
1143 1712 1229 1760 sub
1270 1711 1422 1775 sigillo
1462 1717 1624 1761 nostro
1663 1715 1865 1762 rotundo
1903 1715 2069 1778 quinto
2103 1717 2179 1763 die
2212 1718 2386 1765 mensis

464 1801 687 1849 Octobris
731 1817 856 1848 anno
903 1801 1098 1848 Domini
1142 1800 1389 1849 millesimo
1447 1801 1903 1864 quadringentesimo
1957 1803 2335 1866 quinquagesimo
2373 1833 2382 1841 ·

466 1891 533 1939 Et
579 1889 949 1938 consecrationis
994 1893 1155 1938 nostre
1201 1905 1324 1937 anno
1370 1889 1592 1951 vigesimo
1639 1894 1807 1953 quarto
1844 1918 1854 1928 ·
1892 1891 1956 1938 Et
2003 1879 2094 1954 ouo
2139 1893 2199 1939 ad
2246 1893 2382 1940 istam

464 1979 675 2028 litteram
721 1979 878 2027 dictus
917 1978 1120 2027 vicarius
1166 1979 1225 2026 de
1272 1978 1448 2026 Dunde
1487 1979 1673 2039 juratus
1710 1978 1824 2026 dicit
1859 1980 1981 2042 quod
2017 1979 2143 2027 illam
2178 1980 2386 2028 litteram

464 2069 582 2116 vidit
630 2071 678 2116 et
727 2069 785 2115 de
830 2067 970 2130 longo
1014 2066 1214 2130 perlegit
1261 2067 1345 2114 sed
1390 2070 1501 2114 ante
1543 2066 1666 2113 diem
1707 2066 1985 2114 dominicam
2025 2068 2236 2130 proxime
2273 2073 2386 2115 tunc

466 2161 743 2221 sequentem
789 2159 1162 2220 superuenerunt
1209 2155 1326 2202 dicti
1377 2154 1694 2202 archidiaconi
1740 2169 1846 2202 cum
1891 2154 2031 2203 bullis
2076 2156 2388 2218 exemptionis

468 2252 517 2295 et
579 2245 887 2295 executoriali
946 2245 1198 2292 earundem
1264 2259 1380 2307 quas
1432 2242 1644 2305 legerunt
1703 2242 1791 2290 sibi
1852 2246 1900 2290 et
1961 2243 2067 2291 aliis
2125 2244 2388 2291 astantibus

469 2352 575 2383 cum
628 2333 922 2383 inhibutione
982 2333 1198 2396 predicta
1256 2331 1346 2380 sibi
1405 2330 1676 2394 specialiter
1729 2335 1777 2378 et
1833 2331 2074 2394 capellano
2133 2331 2388 2394 parochiali

470 2426 528 2472 de
576 2424 744 2487 quibus
789 2420 1110 2471 archidiaconi
1170 2423 1396 2483 ceperunt
1457 2419 1817 2466 instrumentum
1876 2436 1906 2466 a
1964 2420 2093 2467 dicto
2155 2419 2387 2482 Magistro

468 2514 692 2562 Johanne
715 2510 851 2559 Ydill
888 2538 898 2548 ·
921 2509 1144 2557 'Ratione
1179 2508 1312 2556 cuius
1344 2507 1650 2554 inhibutionis
1682 2510 1796 2553 tunc
1819 2507 2012 2555 dimissa
2051 2512 2123 2555 est
2169 2507 2387 2554 executio

469 2601 597 2650 illius
643 2600 805 2649 littere
842 2627 854 2638 ·
892 2599 959 2647 Et
1003 2614 1065 2645 ex
1111 2600 1219 2660 post
1266 2611 1411 2658 usque
1457 2595 1506 2641 in
1551 2595 1826 2642 hodiernum
1871 2595 1994 2642 diem
2042 2600 2092 2642 ut
2137 2611 2221 2658 per
2258 2595 2388 2656 jura-

470 2694 679 2738 mentum
721 2687 939 2752 deposuit
980 2686 1135 2734 dictus
1175 2684 1375 2731 vicarius
1416 2683 1507 2729 duo
1553 2681 1635 2729 alii
1680 2681 1796 2729 dicti
1841 2682 2002 2728 vicarii
2039 2683 2267 2744 Magister
2301 2683 2334 2729 J
2338 2699 2387 2730 o-

470 2780 649 2827 hannes
684 2776 828 2824 Ydile
863 2779 913 2823 et
949 2774 1186 2822 Hoilande
1221 2787 1314 2820 non
1347 2771 1564 2818 viderunt
1597 2769 1804 2817 litteram
1839 2771 1922 2818 sed
1957 2785 2117 2818 omnes
2150 2787 2235 2833 per
2260 2771 2388 2831 jura-

471 2872 632 2916 menta
677 2881 887 2915 seorsum
935 2865 1251 2926 deposuerunt
1310 2857 1706 2923 presentationem
1763 2861 1813 2904 et
1870 2857 2097 2904 lecturam
2157 2858 2385 2905 dictarum

470 2955 705 3003 bullarum
751 2969 858 3002 cum
904 2950 1196 2999 inhibutione
1243 2963 1399 2996 coram
1445 2945 1630 2993 notario
1673 2948 1724 2992 et
1768 2945 1970 2992 testibus
2014 2946 2292 2993 audiuerunt
2337 2950 2386 2993 et

469 3045 687 3091 viderunt
727 3043 775 3090 in
812 3042 918 3090 loco
955 3039 1170 3104 predicto
1191 3038 1344 3084 factas
1378 3034 1518 3082 dictis
1551 3033 1724 3080 vicario
1759 3033 1817 3080 de
1852 3032 2023 3079 Dunde
2058 3037 2108 3080 et
2146 3033 2387 3096 capellano

470 3149 556 3182 suo
579 3131 839 3195 parochiali
875 3159 887 3169 ·
923 3130 1017 3178 Sed
1037 3143 1129 3192 quo
1151 3127 1213 3173 ad
1237 3125 1411 3172 dictam
1434 3121 1632 3185 primam
1654 3119 1862 3168 litteram
1885 3120 2084 3183 predicti
2105 3121 2265 3167 vicarii
2287 3124 2386 3169 tres

473 3226 521 3268 et
549 3220 782 3283 Magister
803 3219 837 3265 J
840 3218 1050 3267 ohannes
1074 3213 1216 3262 Ydile
1239 3226 1447 3260 seorsum
1465 3209 1614 3271 jurati
1637 3208 1859 3255 dixerunt
1894 3209 2019 3271 quod
2056 3208 2199 3255 nichil
2235 3209 2387 3256 sciunt

472 3310 555 3357 sed
581 3309 831 3356 adiuerunt
855 3307 924 3354 ita
947 3320 1051 3354 esse
1089 3307 1138 3351 et
1175 3301 1374 3349 credunt
1411 3313 1512 3346 esse
1550 3311 1708 3344 verum
1745 3299 1938 3359 propter
1960 3295 2214 3358 fidedignos
2237 3295 2390 3358 capel-
