2950 3970
646 656 1114 712 REGISTRUM
1151 658 1692 716 EPISCOPATUS
1733 662 2326 722 BRECHINENSIS.
2379 670 2448 723 53

520 845 673 908 prium
698 860 831 893 usum
870 850 919 894 et
957 848 1348 895 sustentationem
1384 849 1765 898 commensalium
1804 879 1813 888 ·
1851 851 1916 899 Et
1954 851 2034 899 alii
2066 856 2165 901 tres
2198 854 2443 916 presbiteri

520 932 719 981 alteram
745 934 1048 982 medietatem
1086 935 1178 982 orti
1214 935 1421 984 habeant
1456 937 1581 985 inter
1603 938 1732 1001 ipsos
1755 939 1985 1002 equaliter
2018 941 2078 987 ad
2102 955 2211 989 suos
2234 943 2443 1004 proprios

521 1037 633 1087 usus
651 1021 953 1070 diuidendam
980 1023 1203 1086 quamdiu
1226 1024 1275 1070 in
1300 1025 1428 1072 dicta
1450 1026 1743 1074 habitatione
1767 1027 2070 1075 residentiam
2098 1029 2296 1076 fecerint
2334 1058 2344 1067 ·
2383 1058 2392 1067 ·
2431 1059 2440 1067 -

519 1126 625 1158 cum
651 1111 866 1160 omnibus
889 1116 938 1159 et
963 1111 1156 1174 singulis
1178 1111 1477 1161 libertatibus
1515 1142 1526 1152 ·
1565 1142 1574 1152 ·
1614 1143 1624 1152 ·
1662 1115 1922 1163 Reddendo
1956 1115 2064 1162 inde
2099 1116 2439 1179 imperpetuum

519 1199 636 1246 dicti
659 1200 907 1262 presbiteri
935 1205 984 1248 et
1008 1200 1140 1264 pueri
1164 1201 1427 1249 orationum
1451 1202 1669 1265 suffragia
1690 1207 1787 1250 tam
1808 1219 1892 1266 pro
1917 1203 2041 1251 omni
2064 1203 2158 1252 alio
2183 1220 2322 1252 onere
2347 1221 2440 1253 ser-

519 1288 643 1336 uicio
667 1288 866 1336 seculari
891 1289 1140 1336 exactione
1165 1305 1247 1337 seu
1266 1290 1496 1337 demanda
1519 1307 1608 1354 que
1632 1307 1717 1354 per
1739 1306 2038 1354 quoscunque
2073 1292 2130 1338 de
2163 1292 2291 1340 dicta
2313 1297 2440 1340 terra

517 1376 646 1439 exigi
668 1377 878 1440 poterint
902 1377 1254 1441 quomodolibet
1289 1377 1363 1425 vel
1386 1378 1559 1442 requiri
1597 1407 1607 1416 ·
1646 1379 1746 1428 Nos
1770 1395 1879 1428 vero
1905 1379 2148 1428 Walterus
2172 1384 2220 1428 et
2245 1381 2439 1429 heredes

520 1465 670 1514 nostri
695 1465 871 1513 dictam
895 1469 1071 1514 terram
1106 1467 1167 1513 ad
1203 1466 1504 1514 residentiam
1543 1471 1592 1514 et
1629 1472 1906 1531 perpetuam
1937 1468 2275 1516 habitationem
2301 1469 2439 1517 dictis

521 1553 778 1618 capellanis
801 1558 850 1602 et
874 1554 1033 1618 pueris
1056 1558 1110 1602 ut
1134 1555 1411 1618 premissum
1435 1559 1507 1603 est
1531 1559 1697 1603 contra
1733 1571 1893 1604 omnes
1918 1555 2139 1604 mortales
2162 1557 2437 1604 warantiza-

519 1644 675 1692 bimus
709 1647 759 1692 et
793 1644 1136 1707 imperpetuum
1174 1643 1477 1690 defendemus
1513 1670 1522 1680 ·
1560 1643 1618 1690 In
1643 1643 1775 1691 cuins
1799 1643 1866 1690 rei
1889 1643 2208 1691 testimonium
2232 1645 2436 1707 presenti

519 1736 652 1780 carte
674 1736 835 1780 nostre
859 1731 1062 1795 sigillum
1097 1736 1307 1779 nostrum
1344 1731 1516 1794 apponi
1550 1731 1745 1779 fecimus
1768 1733 1891 1794 apud
1926 1731 2127 1778 Brechin
2163 1731 2328 1780 ultimo
2363 1733 2436 1780 die

521 1821 695 1870 mensis
719 1820 940 1869 Octobris
963 1836 1086 1868 anno
1111 1818 1304 1867 Domini
1323 1818 1568 1866 millesimo
1587 1819 2042 1882 quadringentesimo
2059 1819 2400 1868 vicesimonono
2426 1848 2436 1858 ·

471 2029 501 2057 ἢ
524 2022 650 2071 Unio
674 2021 873 2070 ecclesie
898 2022 956 2069 de
982 2020 1255 2084 Cortoquhy
1279 2019 1476 2068 ecclesie
1501 2024 1549 2068 et
1573 2019 1781 2083 capitulo
1807 2019 2111 2068 Brechiuensi
2148 2048 2157 2057 ·

434 2183 499 2230 35
532 2145 820 2224 Uniuersis
845 2175 1020 2222 Sancte
1041 2175 1214 2222 Matris
1238 2174 1437 2223 ecclesie
1471 2174 1580 2223 filiis
1613 2175 1673 2222 ad
1709 2190 1902 2237 quorum
1938 2173 2154 2221 notitiam
2196 2177 2435 2236 presentes

521 2265 659 2313 litere
683 2264 987 2329 pei-uenerint
1010 2263 1044 2310 J
1049 2263 1257 2311 ohannes
1280 2263 1587 2327 permissione
1626 2263 1804 2310 Diuina
1838 2262 2084 2324 episcopus
2108 2261 2436 2308 Brechiuensis

522 2355 723 2403 salutem
749 2354 797 2400 in
822 2353 1028 2401 omnium
1055 2351 1303 2399 Saluatore
1330 2351 1646 2400 Uniuersitati
1669 2354 1822 2398 vestre
1860 2353 2022 2397 notum
2059 2365 2160 2397 esse
2195 2349 2391 2396 facimus
2425 2385 2435 2394 .

524 2444 648 2499 Quia
687 2459 792 2490 cum
831 2441 1029 2489 illustris
1063 2444 1112 2488 et
1145 2440 1415 2502 magnificus
1446 2440 1663 2503 princeps
1695 2437 1938 2485 Walterus
1969 2437 2089 2498 regis
2126 2436 2289 2483 Scocie
2316 2436 2436 2483 filius

523 2533 762 2598 palatinus
799 2531 1081 2580 Stratherne
1118 2528 1311 2576 Atholie
1348 2544 1404 2576 ac
1441 2527 1671 2576 Cathanie
1709 2541 1865 2574 comes
1889 2524 2101 2572 dominus
2125 2524 2181 2570 de
2206 2523 2435 2570 Brechine

524 2627 574 2671 et
599 2621 872 2683 Cortouchy
895 2618 1112 2667 caritatis
1135 2617 1310 2665 intuitu
1346 2620 1500 2664 motus
1518 2616 1596 2678 jus
1620 2617 1894 2678 patronatus
1930 2611 2126 2659 ecclesie
2155 2611 2434 2674 parochialis

524 2711 642 2760 dicti
662 2709 858 2758 dominii
879 2709 936 2755 de
959 2706 1229 2768 Cortouchy
1247 2709 1407 2753 nostre
1427 2703 1640 2752 dioecesis
1663 2718 1754 2750 non
1779 2701 1926 2750 solum
1946 2704 2055 2747 voto
2073 2699 2260 2762 proprio
2277 2714 2435 2746 verum

524 2802 674 2849 eciam
710 2815 772 2847 ex
806 2813 922 2846 sana
957 2812 1043 2844 sua
1084 2793 1428 2842 deliberacione
1470 2791 1652 2839 consilii
1694 2791 1870 2837 decano
1911 2792 1959 2835 et
1995 2785 2201 2849 capitulo
2240 2786 2434 2835 ecclesie

523 2886 786 2938 cathedrali
829 2883 1137 2933 Brechiuensi
1174 2886 1222 2930 et
1258 2880 1495 2929 canonicis
1540 2878 1712 2927 ibidem
1755 2876 1860 2924 Deo
1900 2879 1949 2922 et
1990 2875 2162 2922 Sancte
2211 2875 2431 2922 Trinitati

521 2976 838 3028 seruientibus
874 2978 923 3021 et
958 2972 1303 3034 imperpetuum
1325 2967 1572 3017 seruituris
1607 2981 1736 3012 mera
1759 2979 1942 3027 quoque
1967 2966 2016 3010 et
2040 2977 2157 3025 pura
2180 2963 2430 3010 deuocione

523 3066 714 3115 duxerit
739 3061 1088 3112 concedendum
1113 3058 1366 3107 secundum
1402 3056 1524 3119 quod
1547 3070 1631 3118 per
1655 3057 1832 3100 cartam
1869 3051 1983 3098 dicti
2019 3049 2192 3097 domini
2231 3041 2431 3098 walteri

521 3171 665 3219 super
700 3154 829 3201 dicta
870 3148 1122 3198 donatione
1169 3145 1394 3210 predictis
1440 3145 1617 3190 decano
1653 3146 1701 3189 et
1737 3138 1974 3187 canonicis
2019 3137 2194 3200 liquide
2235 3138 2431 3187 vidimus

523 3243 692 3294 testari
731 3271 740 3280 ·
780 3241 879 3288 Nos
924 3239 1252 3302 paupertatem
1294 3237 1343 3281 et
1383 3231 1721 3295 prebendarum
1768 3243 1824 3274 ac
1870 3224 2152 3288 singulorum
2197 3225 2428 3273 fructuum

522 3336 755 3382 dictorum
782 3328 946 3378 decani
985 3330 1033 3374 et
1068 3323 1397 3372 canonicorum
1433 3324 1531 3368 tam
1568 3319 1615 3365 in
1647 3314 1878 3366 communi
1903 3329 2041 3377 quam
2077 3312 2123 3359 in
2158 3313 2427 3375 particulari
