2950 3970
646 607 1107 664 REGISTRUM
1146 611 1681 668 EPISCOPATUS
1720 615 2301 674 BRECHINENSIS.
2367 621 2471 679 197

545 796 692 858 ipsius
717 797 916 846 ecclesie
953 799 1010 846 de
1048 799 1346 863 Futhnewyn
1380 801 1610 850 fructibus
1645 804 1904 853 redditibus
1940 810 1988 853 et
2022 807 2324 868 prouentibus
2358 824 2459 871 per-

541 885 699 948 petuis
720 887 893 936 futuris
915 888 1208 951 temporibus
1231 906 1315 952 per
1337 891 1695 953 prebendarium
1731 892 1938 941 eiusdem
1973 910 2058 957 pro
2091 899 2302 958 tempore
2337 896 2459 945 exis-

541 978 723 1022 tentem
748 975 1043 1038 integraliter
1064 977 1394 1040 persoluantur
1417 983 1667 1043 ceteraque
1691 981 1847 1029 omnia
1869 997 2012 1030 onera
2035 983 2354 1045 reparationes
2388 1000 2459 1031 re-

540 1063 849 1113 formationes
872 1069 919 1112 et
943 1064 1037 1112 alia
1061 1081 1353 1129 quecumque
1378 1068 1645 1115 necessaria
1666 1072 1765 1116 tam
1789 1069 1914 1116 circa
1937 1069 2086 1117 altare
2105 1086 2243 1133 quam
2267 1071 2455 1119 chorum

541 1153 602 1200 ad
627 1153 803 1201 dictam
839 1154 1087 1203 ecclesiam
1114 1156 1171 1202 de
1196 1155 1495 1218 Futhnewyn
1530 1156 1816 1218 pertinentia
1855 1158 1912 1204 de
1950 1158 2167 1220 expensis
2205 1158 2318 1206 dicti
2357 1175 2459 1221 pre-

540 1241 755 1290 bendarii
779 1242 858 1305 qui
882 1258 967 1305 pro
991 1247 1203 1306 tempore
1226 1243 1369 1290 fuerit
1394 1243 1536 1290 etiam
1560 1244 1798 1307 perpetuis
1823 1244 1992 1293 futuris
2013 1245 2300 1308 temporibus
2333 1245 2459 1293 volu-

541 1346 645 1378 mus
660 1331 916 1379 sustentari
944 1359 954 1368 ·
981 1331 1288 1379 Reseruando
1303 1331 1487 1394 prefato
1505 1332 1690 1380 domino
1707 1332 1879 1380 Comiti
1893 1332 2079 1396 suisque
2093 1333 2340 1382 heredibus
2359 1334 2458 1396 qui-

541 1418 828 1482 buscumque
847 1419 926 1480 jus
950 1419 1254 1482 presentandi
1278 1420 1338 1467 ad
1363 1419 1517 1468 dictos
1541 1420 1865 1468 canonicatum
1889 1424 1938 1468 et
1961 1421 2254 1483 prebendam,
2279 1425 2327 1468 et
2354 1437 2456 1483 pre-

543 1506 767 1554 bendario
791 1507 1000 1554 eiusdem
1024 1523 1079 1554 ac
1103 1507 1200 1555 suis
1223 1507 1568 1556 successoribus
1585 1507 1745 1555 vicarii
1763 1508 2045 1571 pensionarii
2062 1508 2455 1571 presentationem

543 1594 784 1658 Nobisque
809 1594 1110 1642 collationem
1135 1595 1378 1658 utriusque
1402 1596 1578 1644 totiens
1613 1596 1830 1659 quotiens
1865 1611 2030 1643 vacare
2067 1595 2312 1658 contigerit
2350 1624 2359 1633 ·
2397 1597 2455 1642 In

543 1700 738 1746 quorum
786 1684 994 1731 omnium
1043 1688 1091 1731 et
1137 1683 1422 1746 singulorum
1472 1685 1610 1731 fidem
1656 1689 1705 1732 et
1750 1684 2069 1732 testimonium
2128 1684 2454 1747 premissorum

542 1771 756 1834 Sigillum
780 1775 993 1819 nostrum
1016 1771 1308 1819 autenticum
1344 1775 1393 1819 et
1424 1787 1668 1820 commune
1695 1771 1905 1834 Sigillum
1929 1772 2077 1820 nostri
2101 1771 2303 1834 Capituli
2329 1775 2457 1819 ante-

542 1860 659 1907 dicti
704 1859 1001 1923 presentibus
1047 1863 1156 1908 sunt
1203 1875 1411 1923 appensa
1461 1888 1471 1898 ·
1524 1859 1667 1923 Apud
1728 1860 1959 1907 Brechine
2007 1859 2329 1907 decimatertia
2380 1860 2453 1906 die

541 1948 716 1997 mensis
753 1948 1046 2011 Septembris
1070 1949 1210 1995 Anno
1249 1947 1444 1995 Domini
1485 1947 1739 1996 Millesimo
1775 1947 2228 2011 quadringentesimo
2269 1951 2454 2010 septuaff

540 2037 718 2099 gesimo
746 2040 915 2100 quarto
954 2064 964 2073 ·
1003 2036 1096 2083 Pro
1119 2036 1408 2099 presentium
1443 2035 1586 2083 etiam
1622 2035 1813 2084 firmiori
1847 2034 2150 2083 subsistentia
2183 2039 2231 2082 et
2266 2038 2318 2082 ut
2353 2051 2455 2097 pre-

542 2129 701 2173 sentes
735 2125 878 2172 robur
913 2123 1113 2186 amplius
1147 2123 1375 2171 haberent
1425 2123 1776 2186 prenominatus
1815 2122 2042 2184 Magister
2074 2122 2107 2168 J
2112 2122 2317 2170 ohannes
2353 2123 2454 2170 Lok

541 2213 878 2276 prebendarius
903 2217 1016 2259 tunc
1041 2210 1352 2274 personaliter
1374 2227 1567 2274 presens
1590 2226 1647 2258 ac
1670 2214 1722 2258 ut
1746 2211 1979 2273 prefertur
1999 2210 2293 2257 consentiens
2316 2210 2453 2272 petiit

542 2318 648 2349 cum
673 2301 901 2350 instantia
920 2299 1133 2362 Sigillum
1158 2298 1464 2362 suprascripti
1483 2299 1658 2346 domini
1678 2297 1876 2345 Comitis
1898 2297 2083 2360 patroni
2107 2313 2199 2344 una
2222 2313 2324 2344 cum
2349 2296 2453 2344 aliis

543 2390 719 2453 Sigillis
742 2388 945 2453 appendi
969 2387 1264 2451 presentibus
1301 2415 1310 2424 ·
1343 2386 1431 2433 Cui
1455 2386 1672 2450 petitioni
1697 2386 1891 2445 benigne
1916 2386 2078 2432 annuit
2102 2385 2223 2431 idem
2243 2385 2454 2432 domiuus

544 2478 714 2527 Comes
749 2482 798 2526 et
830 2477 993 2525 statim
1023 2477 1220 2538 jubente
1257 2475 1445 2523 domino
1481 2475 1700 2538 episcopo
1735 2475 1794 2521 ad
1830 2474 2025 2521 eundem
2066 2473 2263 2521 accessit
2304 2473 2455 2520 dictus

546 2567 777 2630 Magister
798 2566 832 2612 J
836 2566 1043 2612 ohannes
1066 2563 1341 2627 prouolutus
1365 2565 1424 2611 ad
1449 2548 1600 2626 genua
1623 2562 1827 2626 episcopi
1862 2565 2046 2608 creatus
2080 2564 2152 2608 est
2184 2560 2231 2606 in
2256 2559 2453 2607 Canoni-

544 2671 648 2702 cum
674 2658 723 2702 et
747 2652 1103 2717 prebendarium
1129 2655 1267 2714 prout
1304 2651 1447 2699 moris
1477 2655 1550 2699 est
1583 2651 1673 2697 fide
1710 2666 1794 2713 per
1827 2666 1931 2696 eum
1971 2648 2168 2711 prestita
2204 2648 2261 2694 de
2299 2648 2453 2696 obser-

543 2743 710 2791 uantia
732 2745 1018 2791 statutorum
1056 2740 1252 2803 capituli
1277 2743 1325 2787 et
1349 2739 1578 2787 fidelitate
1602 2738 1896 2786 obseruanda
1919 2736 2136 2799 episcopo
2173 2739 2221 2783 et
2258 2735 2452 2784 ecclesie

545 2830 854 2880 Brechinensi
873 2829 1100 2893 predictis
1126 2856 1136 2866 -
1160 2828 1250 2883 Cui
1269 2828 1411 2875 etiam
1430 2827 1736 2890 prebendario
1754 2842 1900 2888 nuper
1917 2825 1983 2872 sic
2001 2828 2160 2871 creato
2177 2823 2452 2872 venerabilis

545 2920 616 2967 vir
656 2919 888 2981 Magister
927 2918 960 2965 J
965 2918 1172 2966 ohannes
1208 2915 1415 2979 Spaldyn
1452 2920 1565 2962 tunc
1596 2915 1799 2961 decanus
1837 2911 2163 2959 Brechinensis
2196 2911 2450 2973 assignauit

546 3007 732 3056 stallum
760 3007 808 3054 in
833 3006 974 3054 choro
998 3010 1046 3053 et
1070 3005 1222 3052 locum
1243 3004 1290 3051 in
1309 3002 1514 3066 capitulo
1552 3030 1562 3039 ·
1599 3002 1750 3064 Super
1770 3000 1936 3064 quibus
1967 2998 2178 3046 omnibus
2195 3002 2244 3045 et
2261 2998 2452 3060 singulis

547 3114 576 3145 a
600 3112 674 3143 me
701 3095 900 3143 Notario
922 3093 1110 3158 publico
1134 3092 1396 3155 subscripto
1420 3106 1477 3138 ac
1500 3089 1653 3138 scriba
1685 3088 1811 3136 curie
1837 3085 2164 3135 Brechinensis
2186 3085 2451 3147 sepedictus

550 3184 782 3247 Magister
815 3182 1062 3230 Johannes
1099 3181 1202 3228 Lok
1238 3180 1327 3228 sibi
1369 3178 1468 3225 fieri
1507 3177 1647 3240 petiit
1681 3174 1914 3239 publicum
1950 3174 2307 3221 instrumentum
2346 3200 2356 3210 ·
2395 3200 2404 3209 ·
2443 3201 2452 3210 ·

550 3273 745 3321 Necnon
770 3287 921 3319 meam
945 3268 1333 3331 subscriptionem
1358 3264 1623 3314 manualem
1649 3262 1941 3326 presentibus
1957 3261 2239 3322 jungendam
2277 3287 2287 3296 ·
