2950 3970
574 651 1041 710 REGISTRUM
1079 657 1618 746 EHSOOPATUS
1660 663 2250 723 BREGHINENSIS.
2330 673 2435 724 115

496 840 642 888 etiam
666 840 714 888 in
738 841 890 891 literis
918 844 1070 894 Ducis
1090 847 1293 896 Albauie
1317 850 1438 898 bone
1462 852 1685 900 memorie
1708 858 1818 902 sunt
1842 854 1984 903 solita
2007 857 2106 904 fieri
2133 861 2182 905 et
2206 863 2429 906 consueta

494 945 600 977 cum
627 930 859 980 dictorum
884 935 1104 984 secundis
1127 937 1321 987 decimis
1343 943 1392 986 et
1418 940 1475 987 de
1499 941 1626 988 omni
1661 941 1893 990 dictarum
1928 945 2160 993 curiarum
2195 950 2244 993 et
2278 962 2427 994 amer-

495 1020 837 1069 ciamentorum
883 1023 1078 1073 decimis
1115 1053 1125 1063 ·
1163 1025 1239 1074 De
1287 1027 1456 1090 quibus
1501 1029 1714 1078 omnibus
1761 1031 1915 1080 dictus
1967 1035 2251 1082 reuerendus
2291 1038 2427 1096 pater

494 1111 746 1160 modernus
770 1115 819 1160 et
842 1113 914 1161 sui
938 1115 1292 1177 predecessores
1315 1117 1504 1165 fuerunt
1528 1122 1577 1166 et
1601 1122 1710 1167 sunt
1742 1119 1788 1166 in
1823 1121 2115 1183 possessione
2151 1126 2199 1170 et
2233 1122 2424 1185 pacifice

494 1215 641 1262 usque
677 1201 725 1247 in
761 1201 884 1249 hanc
922 1203 1046 1250 diem
1083 1208 1192 1252 sunt
1225 1204 1374 1267 ganisi
1415 1233 1424 1243 ·
1463 1207 1528 1254 Et
1564 1208 1672 1255 ideo
1709 1208 1824 1256 dicti
1859 1209 2058 1258 barones
2095 1214 2144 1258 et
2185 1211 2266 1258 alii
2309 1211 2422 1259 dicti

493 1289 853 1339 vicecomitatus
890 1291 1080 1339 obedire
1105 1292 1351 1341 voluerunt
1391 1299 1440 1342 et
1479 1296 1538 1342 de
1574 1296 1703 1344 facto
1744 1297 1968 1345 obediunt
2009 1299 2148 1347 dictis
2185 1299 2334 1347 literis
2375 1305 2422 1347 et

494 1378 710 1428 omnibus
734 1379 783 1427 in
807 1380 984 1429 eisdem
1027 1383 1264 1431 contentis
1302 1410 1311 1420 ·
1351 1383 1416 1431 Et
1441 1400 1533 1447 quo
1556 1386 1615 1431 ad
1640 1384 1826 1432 literam
1862 1386 2036 1448 regiam
2071 1392 2311 1450 patentem
2337 1389 2421 1435 sub

493 1468 677 1530 signeto
701 1469 876 1517 ibidem
902 1469 1088 1533 publice
1114 1470 1370 1534 perlectam
1396 1472 1545 1520 assisa
1578 1473 1793 1536 predicta
1827 1475 2121 1523 concorditer
2145 1475 2422 1523 deliberauit

493 1562 541 1605 et
566 1574 651 1621 per
674 1575 899 1622 organum
924 1559 1040 1607 dicti
1066 1558 1328 1608 Alexandri
1351 1560 1550 1624 protulit
1575 1563 1699 1624 quod
1723 1577 1986 1626 nuncquam
2021 1563 2300 1611 audiuerunt
2336 1581 2421 1612 nec

492 1647 710 1696 viderunt
751 1663 1091 1711 quemcumque
1131 1650 1402 1712 episcopum
1450 1649 1814 1697 Brechinensem
1851 1651 2007 1698 vocari
2064 1668 2148 1714 pro
2188 1653 2327 1700 terris
2365 1654 2421 1699 de

495 1737 786 1799 Kyngornye
809 1737 937 1800 ipsas
961 1737 1268 1800 exprimendo
1303 1753 1391 1785 nec
1426 1753 1511 1800 pro
1535 1754 1825 1801 quacumque
1860 1738 1954 1786 alia
1986 1743 2114 1787 terra
2148 1746 2422 1803 expressata

491 1826 614 1873 infra
636 1826 1019 1874 vicecomitatum
1045 1827 1103 1872 de
1130 1826 1370 1889 Meirnyss
1393 1841 1481 1874 nec
1505 1842 1633 1874 suam
1660 1827 1941 1890 presentiam
1968 1833 2207 1891 tamquam
2231 1835 2422 1877 vocatus

490 1916 538 1962 in
564 1915 693 1963 dicta
717 1915 848 1963 curia
881 1915 914 1962 J
919 1915 1149 1964 usticiarii
1173 1931 1258 1978 pro
1282 1915 1423 1964 dictis
1445 1915 1667 1962 adhibere
1691 1930 1778 1962 nec
1811 1931 1895 1978 per
1923 1931 2260 1980 quamcumque
2285 1933 2419 1965 voca-

489 2005 668 2052 tionem
704 2021 864 2052 eorum
902 2005 950 2052 in
986 2005 1116 2052 dicta
1152 2007 1283 2051 curia
1312 2005 1346 2051 J
1351 2003 1578 2052 usticiarii
1603 2003 1818 2051 viderunt
1853 2019 1940 2051 nec
1974 2005 2253 2053 audiuerant
2277 2008 2421 2069 quod-

490 2110 690 2157 cumque
713 2094 1131 2142 amerciamentum
1157 2093 1262 2156 capi
1286 2092 1360 2140 vel
1383 2092 1531 2140 leuari
1565 2108 1596 2139 a
1630 2091 1758 2140 dicto
1783 2094 2038 2140 reuerendo
2062 2097 2196 2156 patre
2221 2094 2295 2140 vel
2319 2095 2418 2142 eius

489 2184 902 2247 predecessoribus
936 2199 1022 2246 pro
1057 2183 1157 2230 eius
1191 2186 1274 2230 aut
1316 2197 1474 2229 eorum
1507 2181 1722 2229 absentia
1756 2197 1785 2228 a
1819 2181 1958 2228 dictis
1998 2182 2138 2229 curiis
2170 2182 2420 2243 justiciarii

490 2273 603 2321 licet
627 2273 786 2321 vocari
815 2276 1165 2321 consueuerant
1201 2272 1248 2318 in
1284 2270 1425 2318 dictis
1465 2270 1606 2317 curiis
1639 2269 1891 2330 justiciarii
1927 2269 2055 2317 nullo
2089 2274 2248 2318 tamen
2283 2272 2420 2318 modo

490 2362 807 2425 puniebantur
829 2378 914 2424 pro
939 2377 1101 2409 eorum
1126 2361 1343 2408 absentia
1380 2387 1389 2396 ·
1428 2359 1506 2406 De
1542 2362 1591 2406 et
1626 2374 1766 2421 super
1790 2357 1956 2420 quibus
1991 2358 2204 2407 omnibus
2239 2363 2287 2406 et
2329 2360 2421 2407 sin-

488 2451 610 2514 gulis
650 2451 862 2514 prefatus
885 2450 1170 2498 reuerendus
1193 2453 1330 2513 pater
1353 2465 1382 2495 a
1405 2447 1540 2496 nobis
1572 2446 1770 2494 notariis
1803 2445 2002 2509 publicis
2034 2447 2308 2510 subscriptis
2330 2449 2418 2495 sibi

490 2541 591 2588 fieri
628 2540 769 2604 petiit
806 2539 1044 2603 publicum
1086 2539 1447 2586 instrumentum
1486 2566 1495 2573 ·
1535 2564 1544 2573 ·
1585 2564 1594 2573 ·
1631 2534 1794 2597 sigillo
1835 2535 1950 2582 dicti
1988 2534 2183 2582 Patricii
2220 2535 2419 2598 Barclay

490 2630 707 2693 deputati
731 2644 837 2676 cum
860 2627 1026 2691 sigillis
1050 2627 1339 2690 quorundam
1365 2625 1444 2688 qui
1469 2625 1594 2672 dicte
1627 2623 1773 2672 assise
1808 2623 2066 2670 intererant
2099 2624 2160 2670 ad
2196 2624 2415 2671 maiorem

490 2719 810 2783 predictorum
835 2717 1123 2766 euidentiam
1149 2714 1359 2763 roborari
1381 2714 1510 2762 Acta
1528 2713 1716 2760 fuerunt
1740 2712 1827 2758 hec
1851 2712 1975 2773 apud
2002 2710 2344 2774 Enuerberwye
2370 2717 2417 2759 et

493 2809 815 2871 Kyncardyne
838 2811 892 2854 ut
918 2822 1060 2869 supra
1078 2808 1219 2852 Anno
1242 2818 1402 2851 mense
1418 2802 1582 2849 diebus
1618 2829 1628 2837 ·
1668 2828 1677 2837 ·
1717 2828 1726 2836 ·
1765 2799 1932 2862 quibus
1955 2815 2097 2861 supra
2134 2827 2144 2835 ·
2184 2799 2419 2847 Presenti—

490 2899 578 2945 bus
596 2897 768 2960 ubique
786 2894 1022 2943 nobilibus
1040 2897 1089 2941 et
1109 2891 1326 2941 discretis
1339 2890 1450 2938 viris
1468 2888 1610 2936 dictis
1627 2888 1828 2935 dominis
1846 2887 1903 2933 de
1918 2887 2067 2934 assisa
2088 2886 2317 2949 Magistro
2332 2888 2418 2935 Jo-

490 2989 644 3035 hanne
682 2984 914 3032 Willelmi
939 2981 1127 3031 officiali
1152 2979 1460 3028 Brechinensi
1487 2976 1643 3024 Dauid
1669 2976 1924 3038 Dempster
1947 2975 2005 3021 de
2029 2974 2300 3022 Ochterless
2334 2976 2368 3021 J
2371 2992 2420 3022 o-

489 3078 644 3123 hanne
670 3075 830 3122 Bonar
854 3074 912 3120 de
939 3071 1219 3119 Freirtoune
1244 3067 1456 3116 Stratino
1473 3067 1530 3112 de
1551 3063 1852 3127 Myddiltoun
1872 3062 2030 3109 Dauid
2058 3062 2173 3109 R-ait
2197 3067 2246 3110 et
2272 3063 2420 3110 Alex-

488 3165 637 3212 andro
657 3161 780 3210 Liell
803 3177 910 3209 cum
934 3159 1095 3207 multis
1118 3157 1225 3205 aliis
1249 3155 1431 3203 clericis
1455 3158 1504 3201 et
1527 3152 1663 3200 laicis
1685 3151 1888 3199 testibus
1905 3151 1965 3197 ad
1989 3151 2217 3212 premissa
2241 3153 2420 3199 vocatis

492 3282 501 3289 -
541 3282 550 3290 ·
591 3281 599 3289 -
638 3252 703 3299 Et
739 3266 825 3313 ego
848 3248 1126 3296 Alexander
1152 3245 1330 3292 Thome
1355 3241 1586 3305 presbiter
1611 3237 1943 3286 Brechinensis
1971 3237 2184 3286 dioecesis
2207 3238 2420 3300 publicus

489 3341 746 3389 autoritate
782 3335 1014 3400 imperiali
1049 3333 1261 3382 notarius
1298 3359 1309 3369 ·
1348 3359 1357 3367 ·
1397 3358 1406 3367 ·
1446 3329 1511 3376 Et
1546 3343 1632 3390 ego
1665 3327 1699 3373 J
1703 3326 1912 3374 ohannes
1950 3325 2187 3372 Petkarne
2223 3325 2418 3374 clericus

487 3428 826 3478 Sanctiandree
852 3423 1064 3471 dioecesis
1087 3420 1300 3484 publicus
1317 3417 1574 3466 autoritate
1598 3413 1827 3477 imperiali
1851 3412 2061 3460 notarius
2100 3440 2109 3449 ·
2148 3442 2156 3449 -
2198 3442 2206 3449 ·
2244 3413 2320 3459 &c
