2950 3970
473 681 582 735 120
642 679 1110 736 REGISTRUM
1147 681 1692 737 EPISCOPATUS
1734 678 2330 735 BRECHINENSIS.

474 886 614 933 quam
639 870 1043 919 decimamnonam
1069 871 1193 919 diem
1219 886 1325 918 cum
1350 870 1710 919 continuacione
1737 870 1914 917 dierum
1941 873 2135 933 propter
2170 868 2417 916 absencias

474 959 673 1006 aliorum
699 947 1000 1007 canoniorum
1027 963 1076 1007 et
1100 958 1220 1008 alias
1252 975 1421 1007 causas
1445 957 1758 1007 racionabiles
1781 974 1866 1022 per
1888 958 2124 1022 prefatum
2148 957 2418 1020 episcopum

475 1048 704 1094 decanum
730 1051 779 1095 et
804 1049 1057 1096 canonicos
1079 1051 1194 1096 tunc
1217 1051 1464 1111 presentes
1490 1048 1670 1096 dictum
1694 1045 1954 1110 capitulum
1979 1050 2052 1095 est
2090 1046 2417 1095 continuatum

475 1136 545 1183 sic
582 1137 705 1199 quod
747 1152 831 1199 per
878 1152 984 1183 eum
1031 1152 1125 1184 non
1165 1140 1317 1185 staret
1365 1136 1579 1185 defectus
1626 1136 1739 1199 quin
1785 1135 1912 1183 dicte
1959 1151 2139 1184 summe
2186 1136 2245 1182 de
2290 1135 2419 1182 facto

476 1224 776 1272 soluerentur
815 1252 825 1262 ·
864 1226 929 1272 Et
954 1225 1066 1288 quia
1090 1226 1297 1273 decanus
1321 1224 1494 1288 petiuit
1519 1225 1702 1288 copiam
1728 1225 1790 1272 ad
1813 1225 2158 1273 ostendendum
2182 1222 2422 1271 canonicis

478 1314 557 1375 qui
597 1313 833 1375 debebant
871 1341 881 1350 ·
919 1313 1094 1361 Dictus
1131 1315 1419 1362 reuerendus
1455 1318 1594 1377 pater
1630 1313 1720 1363 sibi
1745 1314 1847 1361 dari
1873 1313 2086 1361 decreuit
2121 1317 2171 1361 et
2207 1313 2265 1360 de
2289 1312 2420 1360 facto

481 1402 612 1448 dedit
651 1430 660 1438 -
698 1402 851 1465 Super
891 1418 986 1465 qua
1022 1402 1174 1449 eciam
1214 1402 1418 1450 materia
1462 1402 1578 1450 fecit
1625 1402 1782 1451 dictus
1828 1402 2115 1451 reuerendus
2153 1405 2292 1465 pater
2330 1400 2423 1464 legi

481 1492 716 1553 quoddam
740 1491 1105 1540 instrumentum
1130 1491 1189 1539 de
1213 1507 1338 1539 anno
1362 1491 1557 1539 Domini
1583 1490 1832 1540 millesimo
1857 1490 2318 1555 quadringentesimo
2341 1490 2426 1539 tri-

481 1581 783 1628 cesimonono
818 1584 868 1628 et
903 1581 1078 1629 mensis
1111 1581 1247 1628 Junii
1280 1580 1356 1628 die
1392 1580 1728 1629 decimatercia
1763 1581 1821 1628 de
1858 1579 2170 1644 requisicione
2203 1579 2424 1642 Magistri

480 1670 718 1718 ‚Iohannis
766 1669 1045 1733 Lychtoune
1094 1669 1211 1717 dicti
1260 1669 1428 1717 decani
1477 1673 1527 1717 et
1578 1668 1901 1732 procuratoris
1946 1668 2207 1716 communis
2252 1667 2426 1731 prefati

484 1757 681 1821 capituli
726 1759 850 1822 quod
891 1758 1072 1806 faceret
1119 1757 1239 1806 solui
1286 1773 1494 1806 summas
1532 1761 1728 1806 taxatas
1772 1757 1842 1806 sic
1880 1758 2006 1820 quod
2053 1773 2139 1820 per
2179 1773 2286 1805 eum
2333 1772 2426 1804 non

485 1851 635 1894 staret
669 1846 782 1910 quin
814 1846 1119 1895 ‘soluerentur
1159 1850 1209 1894 et
1250 1847 1506 1894 secundum
1550 1844 1815 1911 [tenorem]
1859 1846 2031 1894 statuti
2073 1846 2189 1894 dicti
2231 1846 2426 1909 capituli

485 1936 610 1998 quod
648 1935 1014 1983 instrumentum
1052 1935 1287 1997 signatum
1327 1938 1400 1982 est
1435 1950 1520 1998 per
1567 1934 1847 1982 Findelaum
1897 1934 2157 1998 Dempster
2203 1934 2425 1982 clericum

486 2023 840 2072 Dunkeldensis
883 2023 1100 2072 dioecesis
1141 2022 1380 2086 publicum
1421 2023 1682 2071 autoritate
1723 2022 1987 2086 apostolica
2028 2023 2264 2071 notarium
2315 2052 2324 2061 ·
2363 2024 2428 2071 Et

488 2113 737 2176 requisicio
774 2113 904 2160 facta
940 2113 1030 2160 fuit
1072 2129 1133 2159 ex
1174 2116 1310 2175 parte
1353 2111 1470 2159 dicti
1510 2111 1758 2159 reuerendi
1799 2111 1951 2175 patris
1989 2127 2076 2175 per
2114 2111 2428 2160 venerabilem

487 2203 635 2249 virum
682 2202 963 2264 Magistrum
1006 2202 1039 2248 J
1044 2201 1275 2249 ohannem
1315 2199 1547 2248 Willelmi
1581 2200 1807 2247 vicarium
1842 2199 2127 2263 parochialis
2150 2201 2347 2249 ecclesie
2372 2202 2430 2249 de

490 2290 726 2353 Monzeky
752 2289 1087 2338 Brechinensis
1112 2289 1326 2338 dioecesis
1349 2305 1406 2336 ac
1443 2288 1692 2337 officialem
1724 2289 1991 2352 generalem
2011 2289 2380 2339 Brechinensem
2418 2317 2428 2328 ·

492 2379 671 2426 Prefati
695 2378 846 2426 eciam
879 2380 1167 2427 reuerendus
1198 2382 1337 2442 pater
1374 2382 1423 2426 et
1461 2378 1669 2426 decanus
1703 2377 2012 2442 solempniter
2043 2379 2432 2442 protestabantur

489 2468 676 2514 nomine
715 2466 914 2530 capituli
952 2468 1011 2514 de
1049 2467 1338 2514 ammotione
1375 2465 1642 2529 cappellani
1666 2483 1696 2514 a
1719 2466 1861 2515 stallo
1897 2468 1956 2515 de
1981 2467 2190 2516 Lethnot
2215 2468 2263 2515 in
2288 2469 2432 2516 choro

493 2556 801 2604 Brechinensi
826 2559 875 2603 et
900 2556 959 2602 de
983 2556 1207 2618 pensione
1232 2555 1397 2618 viginti
1433 2559 1543 2603 octo
1572 2570 1836 2602 marcarum
1860 2555 2023 2604 debita
2046 2556 2188 2605 dictis
2211 2557 2433 2620 episcopo

492 2651 539 2692 et
565 2645 775 2708 capitulo
799 2645 1043 2692 annuatim
1067 2660 1153 2707 per
1176 2643 1536 2707 prebendarium
1574 2644 1632 2691 de
1669 2643 1879 2692 Lethnot
1914 2645 2039 2707 quod
2069 2643 2245 2691 nullum
2271 2661 2432 2693 eorum

493 2735 684 2782 cederet
726 2733 795 2781 eis
837 2733 883 2780 in
927 2733 1237 2796 preiudicium
1276 2760 1286 2770 ·
1323 2732 1400 2779 De
1435 2735 1486 2780 et
1520 2748 1662 2796 super
1697 2732 1866 2796 quibus
1900 2732 2116 2781 omnibus
2150 2737 2199 2781 et
2239 2734 2434 2796 singulis

494 2823 705 2885 prefatus
743 2823 1028 2870 reuerendus
1069 2826 1207 2884 pater
1246 2838 1276 2868 a
1318 2837 1393 2869 me
1433 2821 1622 2870 notario
1661 2820 1850 2884 publico
1885 2821 2152 2886 subscripto
2197 2822 2286 2870 sibi
2333 2823 2432 2870 fieri

495 2910 635 2972 petiit
673 2909 909 2972 publicum
948 2910 1315 2958 instrumentum
1354 2938 1363 2947 ·
1404 2938 1413 2947 ·
1453 2938 1462 2947 ·
1500 2911 1628 2958 Acta
1649 2910 1840 2957 fuerunt
1864 2910 1953 2958 hec
1989 2910 2036 2957 in
2072 2909 2282 2974 capitulo
2319 2911 2435 2958 Bre-

498 2999 708 3045 chinensi
752 2999 838 3047 sub
875 3015 1000 3046 anno
1038 3027 1046 3035 -
1087 3027 1096 3036 ·
1137 3027 1146 3036 ·
1183 2998 1353 3062 quibus
1375 3014 1519 3062 supra
1556 3025 1566 3035 ·
1604 2998 1911 3047 Presentibus
1945 2998 2290 3047 venerabilibus
2323 2999 2434 3048 viris

502 3087 747 3148 Magistris
781 3087 815 3134 J
820 3086 1003 3134 ohanne
1043 3087 1321 3150 Lychtoune
1355 3088 1534 3134 decano
1560 3087 1774 3135 Roberto
1801 3088 1860 3135 de
1885 3087 2133 3135 Crannoch
2157 3091 2350 3136 cantore
2385 3092 2434 3136 et

499 3175 532 3220 J
537 3175 720 3221 ohanne
764 3175 1072 3237 Monypenny
1107 3175 1419 3238 prebendario
1460 3175 1519 3222 de
1559 3175 1815 3238 Buttirgail
1854 3175 2057 3224 testibus
2095 3204 2104 3212 ·
2144 3205 2154 3213 ·
2194 3205 2202 3213 -
2242 3177 2308 3224 Et
2349 3193 2434 3239 ego

502 3263 748 3310 ‚Iohannes
767 3262 904 3310 Steill
929 3263 1163 3325 presbiter
1178 3262 1532 3311 Dunkeldensis
1556 3262 1770 3311 dioecesis
1807 3291 1816 3300 -
1857 3292 1866 3300 -
1906 3292 1915 3300 ·
1953 3264 2163 3312 notarius
2202 3294 2210 3302 -
2251 3293 2260 3303 ›
2301 3294 2309 3303 ·
2346 3265 2431 3312 &c
