<?xml version="1.0" encoding="UTF-8"?>
<!DOCTYPE html PUBLIC "-//W3C//DTD XHTML 1.0 Transitional//EN"
    "http://www.w3.org/TR/xhtml1/DTD/xhtml1-transitional.dtd">
<html xmlns="http://www.w3.org/1999/xhtml" xml:lang="en" lang="en">
 <head>
  <title>
</title>
<meta http-equiv="Content-Type" content="text/html;charset=utf-8" />
  <meta name='ocr-system' content='tesseract 3.04.00' />
  <meta name='ocr-capabilities' content='ocr_page ocr_carea ocr_par ocr_line ocrx_word'/>
</head>
<body>
  <div class='ocr_page' id='page_1' title='image "./registrumepiscop01brecuoft_0280.png"; bbox 0 0 2950 3970; ppageno 0'>
   <div class='ocr_carea' id='block_1_1' title="bbox 482 622 2338 684">
    <p class='ocr_par' dir='ltr' id='par_1_1' title="bbox 482 622 2338 684">
     <span class='ocr_line' id='line_1_1' title="bbox 482 622 2338 684; baseline 0.004 -7"><span class='ocrx_word' id='word_1_1' title='bbox 482 622 594 679; x_wconf 88' lang='lat'><strong>168</strong></span> <span class='ocrx_word' id='word_1_2' title='bbox 655 623 1123 679; x_wconf 84' lang='lat' dir='ltr'><strong>REGISTRUM</strong></span> <span class='ocrx_word' id='word_1_3' title='bbox 1161 625 1703 681; x_wconf 83' lang='lat' dir='ltr'><strong>EPISCOPATUS</strong></span> <span class='ocrx_word' id='word_1_4' title='bbox 1744 626 2338 684; x_wconf 85' lang='lat' dir='ltr'><strong>BREOHINENSIS.</strong></span> 
     </span>
    </p>
   </div>
   <div class='ocr_carea' id='block_1_2' title="bbox 480 812 2429 3355">
    <p class='ocr_par' dir='ltr' id='par_1_2' title="bbox 480 812 2429 3355">
     <span class='ocr_line' id='line_1_2' title="bbox 487 812 2427 879; baseline 0.003 -20"><span class='ocrx_word' id='word_1_5' title='bbox 487 812 616 860; x_wconf 92' lang='lat' dir='ltr'><strong>dicto</strong></span> <span class='ocrx_word' id='word_1_6' title='bbox 658 813 848 860; x_wconf 90' lang='lat' dir='ltr'><strong>domino</strong></span> <span class='ocrx_word' id='word_1_7' title='bbox 892 813 926 860; x_wconf 87' lang='lat' dir='ltr'>J</span> <span class='ocrx_word' id='word_1_8' title='bbox 931 813 1115 861; x_wconf 87' lang='lat' dir='ltr'><strong>ohanne</strong></span> <span class='ocrx_word' id='word_1_9' title='bbox 1156 815 1232 876; x_wconf 87' lang='lat' dir='ltr'><strong>Gy</strong></span> <span class='ocrx_word' id='word_1_10' title='bbox 1275 815 1415 862; x_wconf 92' lang='lat' dir='ltr'><strong>modo</strong></span> <span class='ocrx_word' id='word_1_11' title='bbox 1451 818 1500 862; x_wconf 92' lang='lat' dir='ltr'><strong>et</strong></span> <span class='ocrx_word' id='word_1_12' title='bbox 1535 814 1688 862; x_wconf 88' lang='lat' dir='ltr'><strong>forma</strong></span> <span class='ocrx_word' id='word_1_13' title='bbox 1721 816 1997 879; x_wconf 77' lang='lat' dir='ltr'><strong>prescriptis</strong></span> <span class='ocrx_word' id='word_1_14' title='bbox 2031 817 2347 866; x_wconf 79' lang='lat' dir='ltr'><strong>concessimus</strong></span> <span class='ocrx_word' id='word_1_15' title='bbox 2378 821 2427 865; x_wconf 93' lang='lat' dir='ltr'><strong>et</strong></span> 
     </span>
     <span class='ocr_line' id='line_1_3' title="bbox 488 899 2427 965; baseline 0.003 -17"><span class='ocrx_word' id='word_1_16' title='bbox 488 899 773 950; x_wconf 89' lang='lat' dir='ltr'><strong>contulimus</strong></span> <span class='ocrx_word' id='word_1_17' title='bbox 822 929 832 938; x_wconf 93' lang='lat'><strong>·</strong></span> <span class='ocrx_word' id='word_1_18' title='bbox 884 901 962 949; x_wconf 89' lang='lat' dir='ltr'><strong>Ac</strong></span> <span class='ocrx_word' id='word_1_19' title='bbox 1009 902 1208 950; x_wconf 90' lang='lat' dir='ltr'><strong>eundem</strong></span> <span class='ocrx_word' id='word_1_20' title='bbox 1258 917 1344 965; x_wconf 90' lang='lat' dir='ltr'><strong>per</strong></span> <span class='ocrx_word' id='word_1_21' title='bbox 1395 901 1558 950; x_wconf 89' lang='lat' dir='ltr'><strong>annuli</strong></span> <span class='ocrx_word' id='word_1_22' title='bbox 1604 903 1755 951; x_wconf 90' lang='lat' dir='ltr'><strong>nostri</strong></span> <span class='ocrx_word' id='word_1_23' title='bbox 1796 903 2103 952; x_wconf 79' lang='lat' dir='ltr'><strong>traditionem</strong></span> <span class='ocrx_word' id='word_1_24' title='bbox 2151 905 2200 953; x_wconf 90' lang='lat' dir='ltr'><strong>in</strong></span> <span class='ocrx_word' id='word_1_25' title='bbox 2247 906 2427 955; x_wconf 88' lang='lat' dir='ltr'><strong>eisdem</strong></span> 
     </span>
     <span class='ocr_line' id='line_1_4' title="bbox 484 988 2429 1057; baseline 0.003 -22"><span class='ocrx_word' id='word_1_26' title='bbox 484 989 673 1036; x_wconf 91' lang='lat' dir='ltr'><strong>nomine</strong></span> <span class='ocrx_word' id='word_1_27' title='bbox 720 988 981 1052; x_wconf 82' lang='lat' dir='ltr'><strong>capellanie</strong></span> <span class='ocrx_word' id='word_1_28' title='bbox 1030 989 1158 1037; x_wconf 91' lang='lat' dir='ltr'><strong>dicte</strong></span> <span class='ocrx_word' id='word_1_29' title='bbox 1206 989 1537 1038; x_wconf 89' lang='lat' dir='ltr'><strong>inuestiuimus</strong></span> <span class='ocrx_word' id='word_1_30' title='bbox 1574 1018 1584 1028; x_wconf 90' lang='lat'><strong>·</strong></span> <span class='ocrx_word' id='word_1_31' title='bbox 1622 990 1849 1039; x_wconf 89' lang='lat' dir='ltr'><strong>Preterea</strong></span> <span class='ocrx_word' id='word_1_32' title='bbox 1895 991 2111 1042; x_wconf 87' lang='lat' dir='ltr'><strong>volumus</strong></span> <span class='ocrx_word' id='word_1_33' title='bbox 2145 994 2271 1057; x_wconf 91' lang='lat' dir='ltr'><strong>quod</strong></span> <span class='ocrx_word' id='word_1_34' title='bbox 2314 1009 2429 1057; x_wconf 92' lang='lat' dir='ltr'><strong>quo-</strong></span> 
     </span>
     <span class='ocr_line' id='line_1_5' title="bbox 481 1077 2426 1145; baseline 0.003 -21"><span class='ocrx_word' id='word_1_35' title='bbox 481 1077 809 1140; x_wconf 89' lang='lat' dir='ltr'><strong>tienscumque</strong></span> <span class='ocrx_word' id='word_1_36' title='bbox 848 1077 1092 1140; x_wconf 86' lang='lat' dir='ltr'><strong>contingat</strong></span> <span class='ocrx_word' id='word_1_37' title='bbox 1118 1077 1296 1125; x_wconf 90' lang='lat' dir='ltr'><strong>dictam</strong></span> <span class='ocrx_word' id='word_1_38' title='bbox 1321 1077 1633 1141; x_wconf 84' lang='lat' dir='ltr'><strong>capellaniam</strong></span> <span class='ocrx_word' id='word_1_39' title='bbox 1659 1079 1717 1126; x_wconf 91' lang='lat' dir='ltr'><strong>de</strong></span> <span class='ocrx_word' id='word_1_40' title='bbox 1758 1079 1905 1127; x_wconf 88' lang='lat' dir='ltr'><strong>Errot</strong></span> <span class='ocrx_word' id='word_1_41' title='bbox 1945 1080 2111 1128; x_wconf 88' lang='lat' dir='ltr'><strong>vacare</strong></span> <span class='ocrx_word' id='word_1_42' title='bbox 2135 1097 2221 1145; x_wconf 89' lang='lat' dir='ltr'><strong>per</strong></span> <span class='ocrx_word' id='word_1_43' title='bbox 2243 1097 2426 1130; x_wconf 88' lang='lat' dir='ltr'><strong>cessum</strong></span> 
     </span>
     <span class='ocr_line' id='line_1_6' title="bbox 485 1164 2427 1230; baseline 0.004 -20"><span class='ocrx_word' id='word_1_44' title='bbox 485 1164 561 1211; x_wconf 86' lang='lat' dir='ltr'><strong>vel</strong></span> <span class='ocrx_word' id='word_1_45' title='bbox 601 1166 844 1213; x_wconf 85' lang='lat' dir='ltr'><strong>decessum</strong></span> <span class='ocrx_word' id='word_1_46' title='bbox 884 1165 1106 1228; x_wconf 83' lang='lat' dir='ltr'><strong>Magistri</strong></span> <span class='ocrx_word' id='word_1_47' title='bbox 1142 1166 1333 1214; x_wconf 90' lang='lat' dir='ltr'><strong>Andree</strong></span> <span class='ocrx_word' id='word_1_48' title='bbox 1373 1166 1431 1214; x_wconf 90' lang='lat' dir='ltr'><strong>de</strong></span> <span class='ocrx_word' id='word_1_49' title='bbox 1471 1166 1585 1230; x_wconf 79' lang='lat' dir='ltr'><strong>Fyff</strong></span> <span class='ocrx_word' id='word_1_50' title='bbox 1615 1167 1900 1229; x_wconf 85' lang='lat' dir='ltr'><strong>possessoris</strong></span> <span class='ocrx_word' id='word_1_51' title='bbox 1937 1168 2148 1217; x_wconf 89' lang='lat' dir='ltr'><strong>eiusdem</strong></span> <span class='ocrx_word' id='word_1_52' title='bbox 2183 1184 2267 1218; x_wconf 90' lang='lat' dir='ltr'><strong>seu</strong></span> <span class='ocrx_word' id='word_1_53' title='bbox 2307 1169 2427 1217; x_wconf 86' lang='lat' dir='ltr'><strong>alias</strong></span> 
     </span>
     <span class='ocr_line' id='line_1_7' title="bbox 489 1253 2425 1319; baseline 0.001 -18"><span class='ocrx_word' id='word_1_54' title='bbox 489 1253 797 1316; x_wconf 91' lang='lat' dir='ltr'><strong>quouismodo</strong></span> <span class='ocrx_word' id='word_1_55' title='bbox 835 1255 959 1318; x_wconf 93' lang='lat' dir='ltr'><strong>quod</strong></span> <span class='ocrx_word' id='word_1_56' title='bbox 996 1270 1084 1302; x_wconf 91' lang='lat' dir='ltr'><strong>nos</strong></span> <span class='ocrx_word' id='word_1_57' title='bbox 1121 1258 1170 1302; x_wconf 89' lang='lat' dir='ltr'><strong>et</strong></span> <span class='ocrx_word' id='word_1_58' title='bbox 1208 1269 1504 1303; x_wconf 87' lang='lat' dir='ltr'><strong>successores</strong></span> <span class='ocrx_word' id='word_1_59' title='bbox 1539 1255 1691 1303; x_wconf 90' lang='lat' dir='ltr'><strong>nostri</strong></span> <span class='ocrx_word' id='word_1_60' title='bbox 1729 1255 1944 1319; x_wconf 91' lang='lat' dir='ltr'><strong>predicto</strong></span> <span class='ocrx_word' id='word_1_61' title='bbox 1981 1257 2170 1305; x_wconf 90' lang='lat' dir='ltr'><strong>domino</strong></span> <span class='ocrx_word' id='word_1_62' title='bbox 2212 1257 2425 1306; x_wconf 59' lang='lat' dir='ltr'><strong>«iohanni</strong></span> 
     </span>
     <span class='ocr_line' id='line_1_8' title="bbox 488 1342 2428 1403; baseline 0.003 -15"><span class='ocrx_word' id='word_1_63' title='bbox 488 1342 564 1403; x_wconf 84' lang='lat' dir='ltr'><strong>Gy</strong></span> <span class='ocrx_word' id='word_1_64' title='bbox 606 1346 655 1389; x_wconf 90' lang='lat' dir='ltr'><strong>et</strong></span> <span class='ocrx_word' id='word_1_65' title='bbox 697 1342 795 1391; x_wconf 91' lang='lat' dir='ltr'><strong>suis</strong></span> <span class='ocrx_word' id='word_1_66' title='bbox 835 1342 1184 1391; x_wconf 88' lang='lat' dir='ltr'><strong>successoribus</strong></span> <span class='ocrx_word' id='word_1_67' title='bbox 1220 1343 1281 1389; x_wconf 89' lang='lat' dir='ltr'><strong>ad</strong></span> <span class='ocrx_word' id='word_1_68' title='bbox 1323 1343 1644 1390; x_wconf 84' lang='lat' dir='ltr'><strong>redimendam</strong></span> <span class='ocrx_word' id='word_1_69' title='bbox 1693 1343 1870 1391; x_wconf 90' lang='lat' dir='ltr'><strong>dictam</strong></span> <span class='ocrx_word' id='word_1_70' title='bbox 1917 1344 2125 1392; x_wconf 90' lang='lat' dir='ltr'><strong>celdram</strong></span> <span class='ocrx_word' id='word_1_71' title='bbox 2171 1345 2322 1393; x_wconf 84' lang='lat' dir='ltr'><strong>farine</strong></span> <span class='ocrx_word' id='word_1_72' title='bbox 2370 1346 2428 1392; x_wconf 90' lang='lat' dir='ltr'><strong>de</strong></span> 
     </span>
     <span class='ocr_line' id='line_1_9' title="bbox 487 1430 2427 1496; baseline 0.003 -20"><span class='ocrx_word' id='word_1_73' title='bbox 487 1430 653 1477; x_wconf 92' lang='lat' dir='ltr'><strong>eadem</strong></span> <span class='ocrx_word' id='word_1_74' title='bbox 691 1430 955 1494; x_wconf 88' lang='lat' dir='ltr'><strong>capellania</strong></span> <span class='ocrx_word' id='word_1_75' title='bbox 990 1430 1324 1494; x_wconf 90' lang='lat' dir='ltr'><strong>prouideamus</strong></span> <span class='ocrx_word' id='word_1_76' title='bbox 1362 1447 1446 1479; x_wconf 91' lang='lat' dir='ltr'><strong>seu</strong></span> <span class='ocrx_word' id='word_1_77' title='bbox 1482 1431 1765 1494; x_wconf 89' lang='lat' dir='ltr'><strong>prouideant</strong></span> <span class='ocrx_word' id='word_1_78' title='bbox 1804 1432 2050 1496; x_wconf 88' lang='lat' dir='ltr'><strong>ipsumque</strong></span> <span class='ocrx_word' id='word_1_79' title='bbox 2075 1433 2315 1482; x_wconf 89' lang='lat' dir='ltr'><strong>dominum</strong></span> <span class='ocrx_word' id='word_1_80' title='bbox 2338 1434 2372 1480; x_wconf 83' lang='lat' dir='ltr'>J</span> <span class='ocrx_word' id='word_1_81' title='bbox 2377 1450 2427 1481; x_wconf 95' lang='lat' dir='ltr'><strong>o-</strong></span> 
     </span>
     <span class='ocr_line' id='line_1_10' title="bbox 484 1523 2426 1574; baseline 0.002 -5"><span class='ocrx_word' id='word_1_82' title='bbox 484 1523 688 1570; x_wconf 89' lang='lat' dir='ltr'><strong>hannem</strong></span> <span class='ocrx_word' id='word_1_83' title='bbox 725 1527 775 1571; x_wconf 88' lang='lat' dir='ltr'><strong>et</strong></span> <span class='ocrx_word' id='word_1_84' title='bbox 812 1539 922 1572; x_wconf 90' lang='lat' dir='ltr'><strong>suos</strong></span> <span class='ocrx_word' id='word_1_85' title='bbox 946 1538 1243 1573; x_wconf 88' lang='lat' dir='ltr'><strong>successores</strong></span> <span class='ocrx_word' id='word_1_86' title='bbox 1282 1524 1331 1570; x_wconf 89' lang='lat' dir='ltr'><strong>in</strong></span> <span class='ocrx_word' id='word_1_87' title='bbox 1371 1524 1537 1572; x_wconf 91' lang='lat' dir='ltr'><strong>eadem</strong></span> <span class='ocrx_word' id='word_1_88' title='bbox 1562 1524 1855 1573; x_wconf 88' lang='lat' dir='ltr'><strong>instituendo</strong></span> <span class='ocrx_word' id='word_1_89' title='bbox 1879 1529 1929 1573; x_wconf 91' lang='lat' dir='ltr'><strong>et</strong></span> <span class='ocrx_word' id='word_1_90' title='bbox 1966 1525 2015 1572; x_wconf 95' lang='lat' dir='ltr'><strong>in</strong></span> <span class='ocrx_word' id='word_1_91' title='bbox 2051 1525 2225 1573; x_wconf 90' lang='lat' dir='ltr'><strong>realem</strong></span> <span class='ocrx_word' id='word_1_92' title='bbox 2249 1530 2299 1574; x_wconf 93' lang='lat' dir='ltr'><strong>et</strong></span> <span class='ocrx_word' id='word_1_93' title='bbox 2323 1541 2426 1573; x_wconf 92' lang='lat' dir='ltr'><strong>cor-</strong></span> 
     </span>
     <span class='ocr_line' id='line_1_11' title="bbox 485 1596 2423 1676; baseline 0.001 -16"><span class='ocrx_word' id='word_1_94' title='bbox 485 1611 695 1674; x_wconf 88' lang='lat' dir='ltr'><strong>poralem</strong></span> <span class='ocrx_word' id='word_1_95' title='bbox 740 1613 1084 1675; x_wconf 88' lang='lat' dir='ltr'><strong>possessionem</strong></span> <span class='ocrx_word' id='word_1_96' title='bbox 1124 1596 1390 1660; x_wconf 84' lang='lat' dir='ltr'><strong>inducendo</strong></span> <span class='ocrx_word' id='word_1_97' title='bbox 1428 1641 1437 1650; x_wconf 94' lang='lat'><strong>·</strong></span> <span class='ocrx_word' id='word_1_98' title='bbox 1477 1641 1486 1650; x_wconf 91' lang='lat'><em>·</em></span> <span class='ocrx_word' id='word_1_99' title='bbox 1526 1641 1535 1651; x_wconf 93' lang='lat'><strong>·</strong></span> <span class='ocrx_word' id='word_1_100' title='bbox 1574 1613 1726 1669; x_wconf 83' lang='lat' dir='ltr'><strong>Quem</strong></span> <span class='ocrx_word' id='word_1_101' title='bbox 1762 1614 2004 1661; x_wconf 92' lang='lat' dir='ltr'><strong>dominum</strong></span> <span class='ocrx_word' id='word_1_102' title='bbox 2039 1614 2073 1661; x_wconf 90' lang='lat' dir='ltr'><strong>J</strong></span> <span class='ocrx_word' id='word_1_103' title='bbox 2077 1614 2309 1662; x_wconf 86' lang='lat' dir='ltr'><strong>ohannem</strong></span> <span class='ocrx_word' id='word_1_104' title='bbox 2346 1615 2423 1676; x_wconf 83' lang='lat' dir='ltr'><strong>Gy</strong></span> 
     </span>
     <span class='ocr_line' id='line_1_12' title="bbox 485 1699 2424 1766; baseline 0.001 -19"><span class='ocrx_word' id='word_1_105' title='bbox 485 1699 781 1763; x_wconf 86' lang='lat' dir='ltr'><strong>capellanum</strong></span> <span class='ocrx_word' id='word_1_106' title='bbox 807 1704 856 1748; x_wconf 92' lang='lat' dir='ltr'><strong>et</strong></span> <span class='ocrx_word' id='word_1_107' title='bbox 881 1715 992 1750; x_wconf 89' lang='lat' dir='ltr'><strong>suos</strong></span> <span class='ocrx_word' id='word_1_108' title='bbox 1015 1716 1313 1750; x_wconf 87' lang='lat' dir='ltr'><strong>successores</strong></span> <span class='ocrx_word' id='word_1_109' title='bbox 1336 1701 1607 1765; x_wconf 86' lang='lat' dir='ltr'><strong>capellanos</strong></span> <span class='ocrx_word' id='word_1_110' title='bbox 1630 1701 1721 1750; x_wconf 91' lang='lat' dir='ltr'><strong>sibi</strong></span> <span class='ocrx_word' id='word_1_111' title='bbox 1745 1702 1806 1750; x_wconf 89' lang='lat' dir='ltr'><strong>ad</strong></span> <span class='ocrx_word' id='word_1_112' title='bbox 1831 1702 2008 1750; x_wconf 88' lang='lat' dir='ltr'><strong>dictam</strong></span> <span class='ocrx_word' id='word_1_113' title='bbox 2033 1701 2344 1766; x_wconf 86' lang='lat' dir='ltr'><strong>capellaniam</strong></span> <span class='ocrx_word' id='word_1_114' title='bbox 2375 1705 2424 1749; x_wconf 87' lang='lat' dir='ltr'><strong>et</strong></span> 
     </span>
     <span class='ocr_line' id='line_1_13' title="bbox 484 1786 2423 1854; baseline 0.001 -19"><span class='ocrx_word' id='word_1_115' title='bbox 484 1792 639 1837; x_wconf 88' lang='lat' dir='ltr'><strong>terras</strong></span> <span class='ocrx_word' id='word_1_116' title='bbox 661 1786 938 1852; x_wconf 90' lang='lat' dir='ltr'><strong>templarias</strong></span> <span class='ocrx_word' id='word_1_117' title='bbox 974 1818 984 1827; x_wconf 95' lang='lat'>-</span> <span class='ocrx_word' id='word_1_118' title='bbox 1023 1818 1034 1828; x_wconf 91' lang='lat'><strong>·</strong></span> <span class='ocrx_word' id='word_1_119' title='bbox 1074 1817 1084 1828; x_wconf 94' lang='lat'><strong>·</strong></span> <span class='ocrx_word' id='word_1_120' title='bbox 1120 1791 1431 1839; x_wconf 89' lang='lat' dir='ltr'><strong>succedentes</strong></span> <span class='ocrx_word' id='word_1_121' title='bbox 1454 1806 1573 1854; x_wconf 90' lang='lat' dir='ltr'><strong>quos</strong></span> <span class='ocrx_word' id='word_1_122' title='bbox 1607 1806 1693 1839; x_wconf 87' lang='lat' dir='ltr'><strong>nos</strong></span> <span class='ocrx_word' id='word_1_123' title='bbox 1717 1796 1766 1838; x_wconf 91' lang='lat' dir='ltr'><strong>et</strong></span> <span class='ocrx_word' id='word_1_124' title='bbox 1790 1792 1941 1840; x_wconf 89' lang='lat' dir='ltr'><strong>nostri</strong></span> <span class='ocrx_word' id='word_1_125' title='bbox 1965 1806 2263 1840; x_wconf 88' lang='lat' dir='ltr'><strong>successores</strong></span> <span class='ocrx_word' id='word_1_126' title='bbox 2287 1790 2423 1838; x_wconf 87' lang='lat' dir='ltr'><strong>duxi-</strong></span> 
     </span>
     <span class='ocr_line' id='line_1_14' title="bbox 485 1877 2426 1942; baseline 0.001 -18"><span class='ocrx_word' id='word_1_127' title='bbox 485 1892 589 1925; x_wconf 91' lang='lat' dir='ltr'><strong>mus</strong></span> <span class='ocrx_word' id='word_1_128' title='bbox 628 1881 679 1925; x_wconf 90' lang='lat' dir='ltr'><strong>et</strong></span> <span class='ocrx_word' id='word_1_129' title='bbox 718 1877 941 1926; x_wconf 88' lang='lat' dir='ltr'><strong>duxerint</strong></span> <span class='ocrx_word' id='word_1_130' title='bbox 980 1877 1326 1942; x_wconf 89' lang='lat' dir='ltr'><strong>imperpetuum</strong></span> <span class='ocrx_word' id='word_1_131' title='bbox 1351 1877 1592 1942; x_wconf 89' lang='lat' dir='ltr'><strong>eligendos</strong></span> <span class='ocrx_word' id='word_1_132' title='bbox 1629 1883 1678 1927; x_wconf 91' lang='lat' dir='ltr'><strong>et</strong></span> <span class='ocrx_word' id='word_1_133' title='bbox 1714 1879 2020 1942; x_wconf 88' lang='lat' dir='ltr'><strong>assignandos</strong></span> <span class='ocrx_word' id='word_1_134' title='bbox 2042 1883 2255 1927; x_wconf 92' lang='lat' dir='ltr'><strong>nostrum</strong></span> <span class='ocrx_word' id='word_1_135' title='bbox 2278 1878 2426 1941; x_wconf 89' lang='lat' dir='ltr'><strong>assig-</strong></span> 
     </span>
     <span class='ocr_line' id='line_1_15' title="bbox 484 1963 2425 2031; baseline 0.002 -20"><span class='ocrx_word' id='word_1_136' title='bbox 484 1968 650 2012; x_wconf 91' lang='lat' dir='ltr'><strong>natum</strong></span> <span class='ocrx_word' id='word_1_137' title='bbox 690 1969 740 2013; x_wconf 92' lang='lat' dir='ltr'><strong>et</strong></span> <span class='ocrx_word' id='word_1_138' title='bbox 783 1970 970 2015; x_wconf 87' lang='lat' dir='ltr'><strong>nostros</strong></span> <span class='ocrx_word' id='word_1_139' title='bbox 1002 1966 1268 2030; x_wconf 87' lang='lat' dir='ltr'><strong>assignatos</strong></span> <span class='ocrx_word' id='word_1_140' title='bbox 1303 1971 1351 2015; x_wconf 91' lang='lat' dir='ltr'><strong>et</strong></span> <span class='ocrx_word' id='word_1_141' title='bbox 1387 1967 1695 2030; x_wconf 86' lang='lat' dir='ltr'><strong>assignandos</strong></span> <span class='ocrx_word' id='word_1_142' title='bbox 1729 1969 1791 2015; x_wconf 91' lang='lat' dir='ltr'><strong>ad</strong></span> <span class='ocrx_word' id='word_1_143' title='bbox 1826 1967 2037 2031; x_wconf 89' lang='lat' dir='ltr'><strong>prefatas</strong></span> <span class='ocrx_word' id='word_1_144' title='bbox 2069 1963 2224 2015; x_wconf 71' lang='lat' dir='ltr'><strong>terras</strong></span> <span class='ocrx_word' id='word_1_145' title='bbox 2260 1967 2425 2014; x_wconf 93' lang='lat' dir='ltr'><strong>domos</strong></span> 
     </span>
     <span class='ocr_line' id='line_1_16' title="bbox 483 2053 2423 2119; baseline 0.001 -18"><span class='ocrx_word' id='word_1_146' title='bbox 483 2053 635 2102; x_wconf 80' lang='lat' dir='ltr'><strong>tostas</strong></span> <span class='ocrx_word' id='word_1_147' title='bbox 669 2058 718 2102; x_wconf 91' lang='lat' dir='ltr'><strong>et</strong></span> <span class='ocrx_word' id='word_1_148' title='bbox 753 2055 931 2103; x_wconf 88' lang='lat' dir='ltr'><strong>croftas</strong></span> <span class='ocrx_word' id='word_1_149' title='bbox 953 2055 1229 2119; x_wconf 88' lang='lat' dir='ltr'><strong>templarias</strong></span> <span class='ocrx_word' id='word_1_150' title='bbox 1274 2056 1622 2119; x_wconf 89' lang='lat' dir='ltr'><strong>assignauimus</strong></span> <span class='ocrx_word' id='word_1_151' title='bbox 1656 2060 1705 2104; x_wconf 90' lang='lat' dir='ltr'><strong>et</strong></span> <span class='ocrx_word' id='word_1_152' title='bbox 1740 2072 1825 2119; x_wconf 89' lang='lat' dir='ltr'><strong>per</strong></span> <span class='ocrx_word' id='word_1_153' title='bbox 1858 2059 2105 2119; x_wconf 88' lang='lat' dir='ltr'><strong>presentes</strong></span> <span class='ocrx_word' id='word_1_154' title='bbox 2139 2054 2340 2102; x_wconf 88' lang='lat' dir='ltr'><strong>facimus</strong></span> <span class='ocrx_word' id='word_1_155' title='bbox 2374 2058 2423 2102; x_wconf 90' lang='lat' dir='ltr'><strong>et</strong></span> 
     </span>
     <span class='ocr_line' id='line_1_17' title="bbox 487 2142 2425 2208; baseline -0.001 -18"><span class='ocrx_word' id='word_1_156' title='bbox 487 2142 822 2192; x_wconf 88' lang='lat' dir='ltr'><strong>constituimus</strong></span> <span class='ocrx_word' id='word_1_157' title='bbox 845 2143 1195 2208; x_wconf 86' lang='lat' dir='ltr'><strong>imperpetuum</strong></span> <span class='ocrx_word' id='word_1_158' title='bbox 1231 2160 1338 2193; x_wconf 91' lang='lat' dir='ltr'><strong>cum</strong></span> <span class='ocrx_word' id='word_1_159' title='bbox 1375 2145 1593 2193; x_wconf 91' lang='lat' dir='ltr'><strong>omnibus</strong></span> <span class='ocrx_word' id='word_1_160' title='bbox 1626 2144 1855 2193; x_wconf 90' lang='lat' dir='ltr'><strong>clausulis</strong></span> <span class='ocrx_word' id='word_1_161' title='bbox 1889 2143 2168 2192; x_wconf 86' lang='lat' dir='ltr'><strong>necessariis</strong></span> <span class='ocrx_word' id='word_1_162' title='bbox 2204 2146 2254 2191; x_wconf 92' lang='lat' dir='ltr'><strong>et</strong></span> <span class='ocrx_word' id='word_1_163' title='bbox 2289 2158 2425 2206; x_wconf 91' lang='lat' dir='ltr'><strong>opor-</strong></span> 
     </span>
     <span class='ocr_line' id='line_1_18' title="bbox 485 2231 2423 2296; baseline -0.001 -17"><span class='ocrx_word' id='word_1_164' title='bbox 485 2232 616 2280; x_wconf 90' lang='lat' dir='ltr'><strong>tunis</strong></span> <span class='ocrx_word' id='word_1_165' title='bbox 639 2231 868 2280; x_wconf 90' lang='lat' dir='ltr'><strong>soluendo</strong></span> <span class='ocrx_word' id='word_1_166' title='bbox 892 2233 950 2280; x_wconf 92' lang='lat' dir='ltr'><strong>de</strong></span> <span class='ocrx_word' id='word_1_167' title='bbox 975 2233 1117 2282; x_wconf 88' lang='lat' dir='ltr'><strong>dictis</strong></span> <span class='ocrx_word' id='word_1_168' title='bbox 1138 2234 1280 2282; x_wconf 85' lang='lat' dir='ltr'><strong>terris</strong></span> <span class='ocrx_word' id='word_1_169' title='bbox 1314 2232 1579 2296; x_wconf 91' lang='lat' dir='ltr'><strong>templariis</strong></span> <span class='ocrx_word' id='word_1_170' title='bbox 1619 2233 1776 2281; x_wconf 91' lang='lat' dir='ltr'><strong>dictus</strong></span> <span class='ocrx_word' id='word_1_171' title='bbox 1814 2232 2032 2280; x_wconf 90' lang='lat' dir='ltr'><strong>dominus</strong></span> <span class='ocrx_word' id='word_1_172' title='bbox 2064 2232 2098 2279; x_wconf 87' lang='lat' dir='ltr'>J</span> <span class='ocrx_word' id='word_1_173' title='bbox 2102 2231 2311 2279; x_wconf 89' lang='lat' dir='ltr'><strong>ohannes</strong></span> <span class='ocrx_word' id='word_1_174' title='bbox 2346 2231 2423 2294; x_wconf 82' lang='lat' dir='ltr'><strong>Gy</strong></span> 
     </span>
     <span class='ocr_line' id='line_1_19' title="bbox 489 2319 2424 2386; baseline -0.001 -18"><span class='ocrx_word' id='word_1_175' title='bbox 489 2326 538 2368; x_wconf 90' lang='lat' dir='ltr'><strong>et</strong></span> <span class='ocrx_word' id='word_1_176' title='bbox 574 2321 648 2369; x_wconf 92' lang='lat' dir='ltr'><strong>sui</strong></span> <span class='ocrx_word' id='word_1_177' title='bbox 683 2336 981 2370; x_wconf 88' lang='lat' dir='ltr'><strong>successores</strong></span> <span class='ocrx_word' id='word_1_178' title='bbox 1014 2338 1100 2386; x_wconf 91' lang='lat' dir='ltr'><strong>per</strong></span> <span class='ocrx_word' id='word_1_179' title='bbox 1123 2338 1174 2371; x_wconf 90' lang='lat' dir='ltr'><strong>se</strong></span> <span class='ocrx_word' id='word_1_180' title='bbox 1198 2321 1273 2370; x_wconf 84' lang='lat' dir='ltr'><strong>vel</strong></span> <span class='ocrx_word' id='word_1_181' title='bbox 1296 2321 1442 2370; x_wconf 91' lang='lat' dir='ltr'><strong>alium</strong></span> <span class='ocrx_word' id='word_1_182' title='bbox 1465 2321 1710 2369; x_wconf 90' lang='lat' dir='ltr'><strong>annuatim</strong></span> <span class='ocrx_word' id='word_1_183' title='bbox 1735 2321 1922 2384; x_wconf 87' lang='lat' dir='ltr'><strong>prefato</strong></span> <span class='ocrx_word' id='word_1_184' title='bbox 1946 2320 2180 2383; x_wconf 89' lang='lat' dir='ltr'><strong>Magistro</strong></span> <span class='ocrx_word' id='word_1_185' title='bbox 2215 2319 2273 2367; x_wconf 93' lang='lat' dir='ltr'><strong>de</strong></span> <span class='ocrx_word' id='word_1_186' title='bbox 2309 2319 2424 2367; x_wconf 89' lang='lat' dir='ltr'><strong>Tor-</strong></span> 
     </span>
     <span class='ocr_line' id='line_1_20' title="bbox 487 2408 2426 2460; baseline -0.001 -3"><span class='ocrx_word' id='word_1_187' title='bbox 487 2410 682 2458; x_wconf 86' lang='lat' dir='ltr'><strong>fechene</strong></span> <span class='ocrx_word' id='word_1_188' title='bbox 723 2411 1097 2460; x_wconf 90' lang='lat' dir='ltr'><strong>commendatori</strong></span> <span class='ocrx_word' id='word_1_189' title='bbox 1131 2411 1375 2460; x_wconf 89' lang='lat' dir='ltr'><strong>antedicto</strong></span> <span class='ocrx_word' id='word_1_190' title='bbox 1417 2415 1467 2458; x_wconf 89' lang='lat' dir='ltr'><strong>et</strong></span> <span class='ocrx_word' id='word_1_191' title='bbox 1513 2410 1613 2459; x_wconf 89' lang='lat' dir='ltr'><strong>suis</strong></span> <span class='ocrx_word' id='word_1_192' title='bbox 1658 2409 2012 2459; x_wconf 87' lang='lat' dir='ltr'><strong>successoribus</strong></span> <span class='ocrx_word' id='word_1_193' title='bbox 2045 2425 2132 2458; x_wconf 89' lang='lat' dir='ltr'><strong>sex</strong></span> <span class='ocrx_word' id='word_1_194' title='bbox 2166 2408 2341 2457; x_wconf 89' lang='lat' dir='ltr'><strong>solidos</strong></span> <span class='ocrx_word' id='word_1_195' title='bbox 2375 2412 2426 2455; x_wconf 94' lang='lat' dir='ltr'><strong>et</strong></span> 
     </span>
     <span class='ocr_line' id='line_1_21' title="bbox 487 2497 2426 2548; baseline -0.002 -2"><span class='ocrx_word' id='word_1_196' title='bbox 487 2503 597 2547; x_wconf 91' lang='lat' dir='ltr'><strong>octo</strong></span> <span class='ocrx_word' id='word_1_197' title='bbox 633 2499 853 2548; x_wconf 87' lang='lat' dir='ltr'><strong>denarios</strong></span> <span class='ocrx_word' id='word_1_198' title='bbox 888 2499 1069 2548; x_wconf 90' lang='lat' dir='ltr'><strong>usualis</strong></span> <span class='ocrx_word' id='word_1_199' title='bbox 1103 2503 1294 2548; x_wconf 92' lang='lat' dir='ltr'><strong>monete</strong></span> <span class='ocrx_word' id='word_1_200' title='bbox 1331 2499 1492 2547; x_wconf 89' lang='lat' dir='ltr'><strong>Scotie</strong></span> <span class='ocrx_word' id='word_1_201' title='bbox 1532 2499 1581 2545; x_wconf 90' lang='lat' dir='ltr'><strong>in</strong></span> <span class='ocrx_word' id='word_1_202' title='bbox 1615 2498 1740 2547; x_wconf 86' lang='lat' dir='ltr'><strong>festo</strong></span> <span class='ocrx_word' id='word_1_203' title='bbox 1775 2497 2104 2546; x_wconf 88' lang='lat' dir='ltr'><strong>decollationis</strong></span> <span class='ocrx_word' id='word_1_204' title='bbox 2140 2497 2304 2545; x_wconf 87' lang='lat' dir='ltr'><strong>Sancti</strong></span> <span class='ocrx_word' id='word_1_205' title='bbox 2338 2497 2373 2543; x_wconf 88' lang='lat' dir='ltr'><strong>J</strong></span> <span class='ocrx_word' id='word_1_206' title='bbox 2376 2511 2426 2544; x_wconf 93' lang='lat' dir='ltr'><strong>o-</strong></span> 
     </span>
     <span class='ocr_line' id='line_1_22' title="bbox 487 2585 2423 2651; baseline -0.002 -17"><span class='ocrx_word' id='word_1_207' title='bbox 487 2588 657 2636; x_wconf 88' lang='lat' dir='ltr'><strong>hannis</strong></span> <span class='ocrx_word' id='word_1_208' title='bbox 675 2587 896 2651; x_wconf 91' lang='lat' dir='ltr'><strong>Baptiste</strong></span> <span class='ocrx_word' id='word_1_209' title='bbox 915 2589 1043 2651; x_wconf 92' lang='lat' dir='ltr'><strong>apud</strong></span> <span class='ocrx_word' id='word_1_210' title='bbox 1067 2587 1243 2636; x_wconf 92' lang='lat' dir='ltr'><strong>Dunde</strong></span> <span class='ocrx_word' id='word_1_211' title='bbox 1281 2615 1291 2625; x_wconf 91' lang='lat'><strong>·</strong></span> <span class='ocrx_word' id='word_1_212' title='bbox 1330 2588 1397 2635; x_wconf 91' lang='lat' dir='ltr'><strong>Et</strong></span> <span class='ocrx_word' id='word_1_213' title='bbox 1419 2587 1637 2634; x_wconf 87' lang='lat' dir='ltr'><strong>faciendo</strong></span> <span class='ocrx_word' id='word_1_214' title='bbox 1655 2586 1755 2634; x_wconf 90' lang='lat' dir='ltr'><strong>fieri</strong></span> <span class='ocrx_word' id='word_1_215' title='bbox 1781 2602 1921 2634; x_wconf 90' lang='lat' dir='ltr'><strong>unam</strong></span> <span class='ocrx_word' id='word_1_216' title='bbox 1947 2590 2125 2634; x_wconf 91' lang='lat' dir='ltr'><strong>sectam</strong></span> <span class='ocrx_word' id='word_1_217' title='bbox 2150 2589 2339 2632; x_wconf 90' lang='lat' dir='ltr'><strong>tantum</strong></span> <span class='ocrx_word' id='word_1_218' title='bbox 2362 2585 2423 2632; x_wconf 90' lang='lat' dir='ltr'><strong>ad</strong></span> 
     </span>
     <span class='ocr_line' id='line_1_23' title="bbox 487 2673 2426 2739; baseline -0.003 -15"><span class='ocrx_word' id='word_1_219' title='bbox 487 2675 740 2739; x_wconf 92' lang='lat' dir='ltr'><strong>capitalem</strong></span> <span class='ocrx_word' id='word_1_220' title='bbox 781 2676 962 2723; x_wconf 91' lang='lat' dir='ltr'><strong>curiam</strong></span> <span class='ocrx_word' id='word_1_221' title='bbox 999 2675 1116 2724; x_wconf 92' lang='lat' dir='ltr'><strong>dicti</strong></span> <span class='ocrx_word' id='word_1_222' title='bbox 1151 2674 1550 2724; x_wconf 88' lang='lat' dir='ltr'><strong>commendatoris</strong></span> <span class='ocrx_word' id='word_1_223' title='bbox 1585 2674 1707 2721; x_wconf 86' lang='lat' dir='ltr'><strong>infra</strong></span> <span class='ocrx_word' id='word_1_224' title='bbox 1744 2673 2126 2722; x_wconf 82' lang='lat' dir='ltr'><strong>vicecomitatum</strong></span> <span class='ocrx_word' id='word_1_225' title='bbox 2162 2675 2220 2721; x_wconf 92' lang='lat' dir='ltr'><strong>de</strong></span> <span class='ocrx_word' id='word_1_226' title='bbox 2257 2673 2426 2720; x_wconf 73' lang='lat' dir='ltr'><strong>For-far</strong></span> 
     </span>
     <span class='ocr_line' id='line_1_24' title="bbox 484 2761 2424 2827; baseline -0.003 -14"><span class='ocrx_word' id='word_1_227' title='bbox 484 2765 737 2813; x_wconf 88' lang='lat' dir='ltr'><strong>tenendam</strong></span> <span class='ocrx_word' id='word_1_228' title='bbox 762 2779 849 2827; x_wconf 91' lang='lat' dir='ltr'><strong>pro</strong></span> <span class='ocrx_word' id='word_1_229' title='bbox 872 2764 1000 2812; x_wconf 92' lang='lat' dir='ltr'><strong>omni</strong></span> <span class='ocrx_word' id='word_1_230' title='bbox 1023 2763 1118 2812; x_wconf 91' lang='lat' dir='ltr'><strong>alio</strong></span> <span class='ocrx_word' id='word_1_231' title='bbox 1142 2763 1346 2812; x_wconf 91' lang='lat' dir='ltr'><strong>seruicio</strong></span> <span class='ocrx_word' id='word_1_232' title='bbox 1369 2762 1572 2812; x_wconf 88' lang='lat' dir='ltr'><strong>seculari</strong></span> <span class='ocrx_word' id='word_1_233' title='bbox 1611 2791 1620 2800; x_wconf 92' lang='lat'><strong>·</strong></span> <span class='ocrx_word' id='word_1_234' title='bbox 1660 2790 1670 2799; x_wconf 91' lang='lat'><em>-</em></span> <span class='ocrx_word' id='word_1_235' title='bbox 1709 2790 1720 2799; x_wconf 92' lang='lat'><strong>·</strong></span> <span class='ocrx_word' id='word_1_236' title='bbox 1757 2762 1816 2810; x_wconf 93' lang='lat' dir='ltr'><strong>de</strong></span> <span class='ocrx_word' id='word_1_237' title='bbox 1854 2762 1995 2811; x_wconf 91' lang='lat' dir='ltr'><strong>dictis</strong></span> <span class='ocrx_word' id='word_1_238' title='bbox 2033 2761 2251 2809; x_wconf 89' lang='lat' dir='ltr'><strong>domibus</strong></span> <span class='ocrx_word' id='word_1_239' title='bbox 2286 2761 2424 2808; x_wconf 88' lang='lat' dir='ltr'><strong>toftis</strong></span> 
     </span>
     <span class='ocr_line' id='line_1_25' title="bbox 487 2849 2424 2914; baseline -0.002 -13"><span class='ocrx_word' id='word_1_240' title='bbox 487 2857 537 2901; x_wconf 90' lang='lat' dir='ltr'><strong>et</strong></span> <span class='ocrx_word' id='word_1_241' title='bbox 574 2852 739 2900; x_wconf 90' lang='lat' dir='ltr'><strong>croftis</strong></span> <span class='ocrx_word' id='word_1_242' title='bbox 775 2879 786 2890; x_wconf 87' lang='lat'><strong>·</strong></span> <span class='ocrx_word' id='word_1_243' title='bbox 824 2880 835 2889; x_wconf 91' lang='lat'><strong>·</strong></span> <span class='ocrx_word' id='word_1_244' title='bbox 874 2880 884 2889; x_wconf 92' lang='lat'><strong>·</strong></span> <span class='ocrx_word' id='word_1_245' title='bbox 922 2851 1257 2900; x_wconf 89' lang='lat' dir='ltr'><strong>Inhabitantes</strong></span> <span class='ocrx_word' id='word_1_246' title='bbox 1291 2867 1403 2899; x_wconf 89' lang='lat' dir='ltr'><strong>vero</strong></span> <span class='ocrx_word' id='word_1_247' title='bbox 1435 2850 1482 2899; x_wconf 92' lang='lat' dir='ltr'><strong>le</strong></span> <span class='ocrx_word' id='word_1_248' title='bbox 1519 2850 1866 2914; x_wconf 91' lang='lat' dir='ltr'><strong>Chaipeltoune</strong></span> <span class='ocrx_word' id='word_1_249' title='bbox 1900 2851 1963 2897; x_wconf 85' lang='lat' dir='ltr'><strong>ad</strong></span> <span class='ocrx_word' id='word_1_250' title='bbox 1997 2850 2154 2898; x_wconf 90' lang='lat' dir='ltr'><strong>curias</strong></span> <span class='ocrx_word' id='word_1_251' title='bbox 2193 2849 2424 2912; x_wconf 87' lang='lat' dir='ltr'><strong>capitales</strong></span> 
     </span>
     <span class='ocr_line' id='line_1_26' title="bbox 486 2938 2421 3004; baseline -0.001 -16"><span class='ocrx_word' id='word_1_252' title='bbox 486 2941 698 3004; x_wconf 91' lang='lat' dir='ltr'><strong>episcopi</strong></span> <span class='ocrx_word' id='word_1_253' title='bbox 722 2940 1054 2990; x_wconf 88' lang='lat' dir='ltr'><strong>Brechinensis</strong></span> <span class='ocrx_word' id='word_1_254' title='bbox 1078 2944 1383 3004; x_wconf 87' lang='lat' dir='ltr'><strong>compareant</strong></span> <span class='ocrx_word' id='word_1_255' title='bbox 1400 2939 1640 3002; x_wconf 85' lang='lat' dir='ltr'><strong>justitiam</strong></span> <span class='ocrx_word' id='word_1_256' title='bbox 1663 2939 1867 2989; x_wconf 88' lang='lat' dir='ltr'><strong>subituri</strong></span> <span class='ocrx_word' id='word_1_257' title='bbox 1904 2942 1954 2987; x_wconf 92' lang='lat' dir='ltr'><strong>et</strong></span> <span class='ocrx_word' id='word_1_258' title='bbox 1987 2938 2082 2986; x_wconf 89' lang='lat' dir='ltr'><strong>alia</strong></span> <span class='ocrx_word' id='word_1_259' title='bbox 2116 2939 2273 2986; x_wconf 88' lang='lat' dir='ltr'><strong>facere</strong></span> <span class='ocrx_word' id='word_1_260' title='bbox 2296 2938 2421 2986; x_wconf 88' lang='lat' dir='ltr'><strong>sicut</strong></span> 
     </span>
     <span class='ocr_line' id='line_1_27' title="bbox 486 3009 2421 3091; baseline -0.001 -16"><span class='ocrx_word' id='word_1_261' title='bbox 486 3028 579 3076; x_wconf 91' lang='lat' dir='ltr'><strong>alie</strong></span> <span class='ocrx_word' id='word_1_262' title='bbox 622 3032 750 3077; x_wconf 91' lang='lat' dir='ltr'><strong>terre</strong></span> <span class='ocrx_word' id='word_1_263' title='bbox 791 3028 1114 3077; x_wconf 89' lang='lat' dir='ltr'><strong>ecclesiastice</strong></span> <span class='ocrx_word' id='word_1_264' title='bbox 1168 3009 1351 3077; x_wconf 87' lang='lat' dir='ltr'><strong>faciunt</strong></span> <span class='ocrx_word' id='word_1_265' title='bbox 1403 3057 1413 3066; x_wconf 92' lang='lat'><strong>·</strong></span> <span class='ocrx_word' id='word_1_266' title='bbox 1464 3027 1531 3075; x_wconf 91' lang='lat' dir='ltr'><strong>Et</strong></span> <span class='ocrx_word' id='word_1_267' title='bbox 1572 3044 1665 3091; x_wconf 89' lang='lat' dir='ltr'><strong>que</strong></span> <span class='ocrx_word' id='word_1_268' title='bbox 1707 3027 1838 3075; x_wconf 90' lang='lat' dir='ltr'><strong>dicta</strong></span> <span class='ocrx_word' id='word_1_269' title='bbox 1882 3030 2015 3075; x_wconf 90' lang='lat' dir='ltr'><strong>secta</strong></span> <span class='ocrx_word' id='word_1_270' title='bbox 2061 3027 2122 3074; x_wconf 90' lang='lat' dir='ltr'><strong>ad</strong></span> <span class='ocrx_word' id='word_1_271' title='bbox 2168 3025 2421 3090; x_wconf 87' lang='lat' dir='ltr'><strong>capitalem</strong></span> 
     </span>
     <span class='ocr_line' id='line_1_28' title="bbox 482 3112 2417 3180; baseline -0.001 -17"><span class='ocrx_word' id='word_1_272' title='bbox 482 3116 664 3164; x_wconf 89' lang='lat' dir='ltr'><strong>curiam</strong></span> <span class='ocrx_word' id='word_1_273' title='bbox 702 3116 832 3164; x_wconf 90' lang='lat' dir='ltr'><strong>dicto</strong></span> <span class='ocrx_word' id='word_1_274' title='bbox 867 3116 1240 3164; x_wconf 90' lang='lat' dir='ltr'><strong>commendatori</strong></span> <span class='ocrx_word' id='word_1_275' title='bbox 1277 3117 1358 3165; x_wconf 89' lang='lat' dir='ltr'><strong>fiet</strong></span> <span class='ocrx_word' id='word_1_276' title='bbox 1398 3131 1485 3180; x_wconf 90' lang='lat' dir='ltr'><strong>per</strong></span> <span class='ocrx_word' id='word_1_277' title='bbox 1521 3114 1843 3163; x_wconf 88' lang='lat' dir='ltr'><strong>inhabitantes</strong></span> <span class='ocrx_word' id='word_1_278' title='bbox 1881 3114 2057 3162; x_wconf 87' lang='lat' dir='ltr'><strong>dictam</strong></span> <span class='ocrx_word' id='word_1_279' title='bbox 2081 3113 2240 3162; x_wconf 85' lang='lat' dir='ltr'><strong>villam</strong></span> <span class='ocrx_word' id='word_1_280' title='bbox 2278 3114 2337 3161; x_wconf 90' lang='lat' dir='ltr'><strong>de</strong></span> <span class='ocrx_word' id='word_1_281' title='bbox 2371 3112 2417 3161; x_wconf 89' lang='lat' dir='ltr'><strong>le</strong></span> 
     </span>
     <span class='ocr_line' id='line_1_29' title="bbox 483 3200 2418 3267; baseline -0.001 -17"><span class='ocrx_word' id='word_1_282' title='bbox 483 3203 754 3267; x_wconf 86' lang='lat' dir='ltr'><strong>Tempilhill</strong></span> <span class='ocrx_word' id='word_1_283' title='bbox 775 3203 1056 3267; x_wconf 90' lang='lat' dir='ltr'><strong>portitorem</strong></span> <span class='ocrx_word' id='word_1_284' title='bbox 1081 3204 1227 3252; x_wconf 91' lang='lat' dir='ltr'><strong>etiam</strong></span> <span class='ocrx_word' id='word_1_285' title='bbox 1251 3204 1381 3253; x_wconf 93' lang='lat' dir='ltr'><strong>dicto</strong></span> <span class='ocrx_word' id='word_1_286' title='bbox 1404 3203 1776 3252; x_wconf 90' lang='lat' dir='ltr'><strong>commendatori</strong></span> <span class='ocrx_word' id='word_1_287' title='bbox 1799 3203 2009 3266; x_wconf 86' lang='lat' dir='ltr'><strong>prefatos</strong></span> <span class='ocrx_word' id='word_1_288' title='bbox 2045 3217 2132 3250; x_wconf 86' lang='lat' dir='ltr'><strong>sex</strong></span> <span class='ocrx_word' id='word_1_289' title='bbox 2159 3200 2337 3250; x_wconf 89' lang='lat' dir='ltr'><strong>solidos</strong></span> <span class='ocrx_word' id='word_1_290' title='bbox 2368 3205 2418 3249; x_wconf 91' lang='lat' dir='ltr'><strong>et</strong></span> 
     </span>
     <span class='ocr_line' id='line_1_30' title="bbox 480 3289 2423 3355; baseline -0.002 -15"><span class='ocrx_word' id='word_1_291' title='bbox 480 3295 590 3340; x_wconf 88' lang='lat' dir='ltr'><strong>octo</strong></span> <span class='ocrx_word' id='word_1_292' title='bbox 617 3291 837 3341; x_wconf 89' lang='lat' dir='ltr'><strong>denarios</strong></span> <span class='ocrx_word' id='word_1_293' title='bbox 874 3295 929 3340; x_wconf 94' lang='lat' dir='ltr'><strong>ut</strong></span> <span class='ocrx_word' id='word_1_294' title='bbox 967 3291 1285 3355; x_wconf 89' lang='lat' dir='ltr'><strong>prescriptum</strong></span> <span class='ocrx_word' id='word_1_295' title='bbox 1309 3295 1383 3341; x_wconf 89' lang='lat' dir='ltr'><strong>est</strong></span> <span class='ocrx_word' id='word_1_296' title='bbox 1425 3319 1435 3330; x_wconf 89' lang='lat'><strong>·</strong></span> <span class='ocrx_word' id='word_1_297' title='bbox 1472 3291 1532 3339; x_wconf 94' lang='lat' dir='ltr'><strong>In</strong></span> <span class='ocrx_word' id='word_1_298' title='bbox 1555 3307 1758 3355; x_wconf 91' lang='lat' dir='ltr'><strong>quorum</strong></span> <span class='ocrx_word' id='word_1_299' title='bbox 1787 3290 1996 3339; x_wconf 91' lang='lat' dir='ltr'><strong>omnium</strong></span> <span class='ocrx_word' id='word_1_300' title='bbox 2019 3289 2158 3338; x_wconf 90' lang='lat' dir='ltr'><strong>fidem</strong></span> <span class='ocrx_word' id='word_1_301' title='bbox 2196 3294 2246 3338; x_wconf 87' lang='lat' dir='ltr'><strong>et</strong></span> <span class='ocrx_word' id='word_1_302' title='bbox 2285 3289 2423 3338; x_wconf 74' lang='lat' dir='ltr'><strong>testi·-</strong></span> 
     </span>
    </p>
   </div>
   <div class='ocr_carea' id='block_1_3' title="bbox 2924 0 2950 3336">
    <p class='ocr_par' dir='ltr' id='par_1_3' title="bbox 2924 0 2950 3336">
     <span class='ocr_line' id='line_1_31' title="bbox 2924 0 2950 3336; baseline 0 0"><span class='ocrx_word' id='word_1_303' title='bbox 2924 0 2950 3336; x_wconf 95' lang='lat' dir='ltr'><strong> </strong></span> 
     </span>
    </p>
   </div>
  </div>
 </body>
</html>
