2950 3970
15 2202 49 2697 'Wfflegaiffiffzss—,z'ss-sn
16 2164 34 2181 -L
18 2099 35 2143 Α.
14 2063 18 2069 “
31 2036 34 2037 ,

48 2606 61 2686 ,.,,,,,,
47 2517 54 2523 -,
49 2446 60 2459 J
51 2405 54 2410 .

691 671 1156 728 REGISTRUM
1192 672 1728 730 EPISCOPATUS
1768 676 2350 736 BRECHINENSIS.
2407 685 2472 737 11

560 859 792 909 Volumus
837 860 986 908 eciam
1035 863 1084 907 et
1129 861 1382 909 statuimus
1427 878 1512 925 per
1555 868 1801 926 presentes
1847 867 1968 927 quod
2016 867 2292 931 quicumque
2337 870 2477 917 fuerit

556 949 880 998 thezaurarius
920 948 1118 1012 capituli
1153 949 1484 999 Brechinensis
1517 951 1578 999 ad
1613 951 1702 999 hoc
1736 952 2006 1015 specialiter
2040 955 2291 1018 deputatus
2329 961 2479 1007 terras

557 1037 770 1101 predicte
808 1037 989 1100 capelle
1027 1037 1086 1084 de
1126 1037 1271 1085 Boith
1307 1042 1356 1086 et
1380 1039 1437 1086 de
1474 1038 1736 1102 Carncorty
1769 1055 1874 1087 cum
1903 1041 2206 1103 pertinenciis
2227 1044 2479 1092 husbandis

559 1129 737 1190 quanto
760 1126 1039 1190 prudentius
1062 1129 1111 1174 et
1135 1125 1298 1174 utilius
1318 1127 1495 1190 poterit
1517 1127 1579 1174 ad
1602 1126 1858 1175 utilitatem
1881 1128 2108 1176 dictorum
2135 1130 2475 1193 capellanorum

555 1215 748 1264 assedet
772 1218 822 1262 et
845 1213 1070 1278 pecunias
1092 1214 1330 1262 firmarum
1353 1215 1605 1263 earundem
1635 1219 1865 1263 terrarum
1890 1232 1995 1264 cum
2018 1218 2319 1280 pertinenciis
2352 1220 2478 1267 leuet

558 1303 837 1367 leuatasque
869 1301 1166 1364 integraliter
1201 1302 1452 1350 distribuat
1487 1303 1663 1352 eisdem
1704 1303 1960 1366 capellanis
2000 1307 2251 1353 secundum
2293 1308 2474 1355 ordina-

560 1392 747 1440 cionem
767 1391 936 1439 decani
954 1395 1005 1438 et
1023 1389 1222 1454 capituli
1246 1389 1445 1439 ecclesie
1470 1391 1813 1440 Brechinensis.
1884 1392 2130 1440 Dictorum
2150 1399 2307 1442 autem
2325 1396 2480 1458 capel-

556 1481 771 1529 lanorum
805 1495 928 1528 unus
962 1478 1123 1526 diuina
1146 1478 1404 1526 celebrabit
1438 1480 1499 1526 ad
1534 1479 1684 1527 altare
1706 1480 1844 1528 beate
1872 1481 2023 1529 Marie
2049 1482 2254 1545 Virginis
2277 1488 2325 1530 et
2359 1484 2478 1532 alius

556 1570 619 1617 ad
642 1568 795 1618 altare
830 1569 1006 1616 Sancte
1042 1566 1209 1615 Crucis
1243 1567 1291 1614 in
1327 1568 1491 1615 eadem
1526 1567 1727 1616 ecclesia
1761 1573 1809 1616 et
1844 1585 1927 1631 pro
1961 1569 2111 1617 salute
2146 1572 2298 1619 anime
2321 1577 2478 1620 nostre

557 1662 909 1707 antecessorum
944 1661 993 1705 et
1027 1671 1349 1705 successorum
1382 1660 1647 1704 nostrorum
1683 1657 2004 1720 episcoporum
2048 1674 2105 1705 ac
2150 1660 2476 1708 canonicorum

558 1748 768 1796 eiusdem
812 1745 1010 1795 ecclesie
1050 1759 1139 1792 nec
1175 1760 1269 1792 non
1303 1760 1388 1807 pro
1417 1743 1576 1792 ‘salute
1609 1744 1762 1792 anime
1797 1745 1996 1808 predicti
2034 1745 2236 1794 Walteri
2271 1753 2480 1797 anteces-

559 1851 717 1886 sorum
749 1840 799 1883 et
833 1849 1157 1884 successorum
1194 1848 1384 1881 suorum
1416 1848 1505 1880 nec
1539 1848 1633 1880 non
1667 1848 1752 1895 pro
1786 1832 1938 1880 salute
1964 1833 2177 1895 Hugonis
2201 1835 2479 1883 cancellarii.

562 1923 794 1972 Volumus
821 1922 1014 1985 insuper
1047 1924 1098 1968 et
1132 1920 1386 1968 statuimus
1420 1921 1543 1983 quod
1568 1935 1672 1967 cum
1697 1919 1895 1982 predicti
1931 1919 2162 1984 capellani
2185 1922 2357 1970 fuerint
2380 1939 2481 1985 pre-

562 2011 781 2062 sentandi
816 2027 901 2060 seu
935 2026 1097 2058 eorum
1132 2008 1256 2057 alter
1294 2012 1625 2072 presententur
1663 2007 1738 2055 vel
1771 2012 2066 2070 presentetur
2098 2025 2182 2071 per
2215 2009 2480 2072 episcopum

566 2101 935 2149 Brechinensem
981 2098 1061 2162 qui
1115 2113 1200 2161 pro
1245 2101 1458 2160 tempore
1502 2095 1645 2143 fuerit
1692 2097 1869 2142 decano
1922 2100 1970 2143 et
2026 2096 2231 2159 capitulo
2285 2097 2480 2145 ecclesie

565 2188 898 2238 Brechinensis
933 2187 1013 2250 qui
1048 2202 1154 2234 cum
1187 2185 1379 2233 admissi
1402 2168 1575 2231 fuerint
1598 2183 1672 2230 vel
1695 2183 1923 2232 admissus
1955 2184 2238 2232 tenebuntur
2271 2188 2319 2232 et
2353 2190 2482 2233 tene-

566 2280 696 2327 bitur
718 2278 847 2325 horis
870 2275 1109 2324 canonicis
1133 2275 1360 2322 interesse
1384 2271 1694 2336 personaliter
1717 2276 1765 2319 et
1789 2287 1893 2318 cum
1917 2271 2022 2319 aliis
2044 2272 2092 2318 in
2115 2272 2278 2320 habitu
2301 2274 2485 2321 decenti

568 2384 686 2432 quos
709 2366 904 2416 statutis
939 2369 988 2413 et
1023 2362 1402 2412 ordinacionibus
1426 2360 1591 2407 decani
1626 2364 1675 2407 et
1711 2359 1903 2423 capituli
1926 2359 2121 2407 ecclesie
2158 2360 2484 2409 Brechinensis

559 2457 782 2506 volumus
799 2455 1112 2504 subiacere-et
1129 2449 1447 2514 jurisdictioni
1465 2448 1780 2512 predictorum
1800 2448 1965 2495 decani
1988 2451 2037 2494 et
2061 2447 2253 2510 capituli
2272 2448 2393 2496 sicut
2411 2464 2485 2496 ce-

569 2547 663 2595 teri
677 2545 842 2594 vicarii
857 2543 1066 2592 eiusdem
1083 2539 1295 2588 ecclesie.
1330 2538 1411 2586 Ita
1424 2541 1585 2584 tamen
1602 2536 1726 2599 quod
1739 2536 1799 2583 ad
1814 2534 1978 2582 missas
1992 2534 2318 2583 ebdomadales
2332 2540 2380 2583 et
2393 2536 2487 2584 alia

569 2607 836 2683 huiusmodi
859 2631 1014 2680 officia
1046 2630 1106 2677 ad
1141 2627 1431 2691 capellanum
1457 2623 1807 2672 ebdomadalem
1831 2622 2095 2685 spectantia
2115 2638 2207 2670 non
2238 2627 2487 2672 teneantur

574 2725 698 2774 sicut
721 2721 886 2771 vicarii
909 2720 1106 2768 aliorum
1132 2715 1460 2765 canonicorum
1482 2713 1572 2760 nisi
1607 2728 1668 2759 ex
1692 2711 1944 2759 deuocione
1970 2710 2199 2759 voluerint
2222 2712 2483 2760 huiusmodi

573 2812 728 2860 officia
760 2809 1032 2873 adimplere.
1105 2805 1336 2854 Volumus
1371 2802 1519 2850 eciam
1555 2804 1604 2848 et
1639 2799 1906 2847 ordinamus
1928 2799 2051 2861 quod
2074 2798 2113 2846 si
2137 2799 2333 2846 cedente
2357 2800 2488 2847 dece-

575 2904 716 2949 dente
741 2899 816 2948 vel
849 2901 1010 2947 amoto
1035 2896 1268 2944 dictorum
1298 2890 1643 2955 capellanorum
1667 2887 1824 2950 aliquo
1850 2886 1970 2934 alius
1990 2887 2199 2946 ydoneus
2221 2886 2487 2949 capellanus

574 3006 668 3039 non
690 2991 992 3056 presentetur
1021 2984 1127 3032 loco
1151 2983 1223 3031 sui
1248 2982 1370 3028 infra
1392 2993 1598 3026 mensem
1631 2993 1662 3023 a
1694 2979 1904 3038 tempore
1938 2974 2200 3022 vacacionis
2233 2978 2282 3021 et
2315 2975 2488 3022 noticie

576 3077 790 3127 vacantis
812 3073 1073 3140 capellanie
1097 3088 1181 3120 seu
1204 3070 1314 3118 sede
1339 3070 1534 3114 vacante
1558 3065 1618 3112 ad
1641 3063 1877 3127 predictos
1914 3063 2139 3110 decanum
2162 3066 2210 3110 et
2234 3062 2486 3125 capitulum

577 3168 724 3231 ipsius
748 3163 1007 3229 capellanie
1030 3161 1171 3226 plena
1193 3155 1396 3222 provisio
1430 3170 1512 3202 seu
1548 3151 1743 3200 collacio
1766 3166 1851 3214 pro
1875 3150 1956 3197 illa
1981 3151 2222 3198 vacatione
2256 3151 2488 3213 pertineat

577 3272 634 3304 ac
675 3255 715 3304 si
756 3254 1004 3318 episcopus
1043 3249 1166 3297 infra
1203 3243 1579 3310 prenominatum
1628 3239 1862 3304 [tempus]
1912 3241 2216 3301 presentaret.
2287 3239 2490 3286 Pensata

579 3345 770 3407 insuper
803 3342 1013 3390 utilitate
1050 3333 1379 3386 Brechinensis
1414 3329 1610 3378 ecclesie
1645 3326 1910 3390 supradicte
1947 3327 2004 3373 de
2038 3341 2262 3374 consensu
2297 3324 2488 3387 capituli
