2950 3970
496 638 608 691 216
663 637 1126 692 REGISTRUM
1166 637 1705 694 EPISCOPATUS
1746 639 2342 694 BRECHINENSIS.

502 863 513 875 ·
552 865 562 874 ·
602 865 610 874 ·
650 837 849 900 Eugenii
889 865 898 875 ·
938 865 947 874 ·
987 865 997 874 ·
1033 853 1154 900 pape
1178 838 1445 886 sextianno
1465 837 1630 900 quinto
1668 865 1677 874 .
1718 866 1727 875 ·
1768 866 1776 875 ·
1814 837 2126 901 personaliter
2143 839 2429 887 constitutus

501 925 724 988 prouidus
773 926 843 971 vir
891 924 1050 972 Dauid
1095 925 1211 972 Rait
1247 925 1366 972 ciuis
1407 925 1618 972 ciuitatis
1663 926 1995 974 Brechinensis
2035 955 2044 964 ·
2084 956 2093 965 ·
2134 955 2142 965 ·
2179 931 2332 975 totum
2380 932 2430 975 et

502 1015 732 1075 integrum
774 1030 909 1062 suum
949 1018 1271 1061 tenementum
1316 1029 1420 1060 cum
1465 1013 1766 1076 pertinentiis
1802 1018 1851 1061 et
1887 1030 2045 1062 acram
2079 1019 2206 1063 terre
2241 1016 2432 1064 arabilis

503 1104 631 1150 dicto
654 1107 927 1150 tenemento
951 1103 1266 1166 pertinentem
1296 1101 1509 1164 jacentia
1543 1102 1668 1150 inter
1690 1106 1845 1150 terras
1880 1103 2108 1150 Richardi
2144 1105 2335 1167 Turyng
2370 1107 2430 1152 ad

504 1192 730 1239 orientem
758 1194 806 1238 et
830 1195 983 1238 terras
1022 1191 1079 1236 W
1086 1190 1248 1238 illelmi
1287 1190 1537 1237 Fordoune
1561 1191 1620 1237 ad
1647 1191 1939 1238 occidentem
1968 1195 2016 1238 et
2041 1191 2163 1239 viam
2189 1192 2363 1240 dictam
2387 1193 2434 1241 le

507 1280 730 1342 Kirkgait
765 1281 825 1327 ad
861 1283 1072 1328 austrum
1115 1284 1163 1327 et
1204 1280 1329 1326 viam
1366 1284 1456 1342 que
1494 1279 1627 1326 ducit
1670 1279 1728 1326 ad
1772 1279 2025 1343 Petpullox
2061 1281 2121 1327 ad
2157 1281 2348 1329 boream
2386 1283 2434 1329 in

504 1373 718 1420 manibus
747 1372 946 1420 Roberti
972 1371 1158 1420 Litstar
1191 1372 1329 1419 unius
1364 1371 1646 1419 balliuorum
1684 1371 1811 1420 dicte
1847 1372 2058 1420 ciuitatis
2082 1389 2166 1436 per
2187 1373 2359 1422 fustem
2386 1379 2434 1423 et

504 1462 722 1509 baculum
763 1478 945 1509 sursum
987 1461 1194 1508 reddidit
1227 1476 1435 1524 pureque
1471 1464 1520 1508 et
1554 1459 1834 1524 simpliciter
1868 1460 2125 1523 resignauit
2161 1476 2265 1509 cum
2309 1463 2435 1510 omni

498 1552 605 1612 jure
630 1555 679 1598 et
697 1551 817 1612 juris
848 1551 989 1598 titulo
1028 1579 1037 1588 ·
1077 1551 1183 1605 Qua
1219 1550 1534 1614 resignatione
1559 1550 1627 1598 sic
1649 1550 1780 1598 facta
1803 1553 1852 1597 et
1875 1565 1960 1613 per
1995 1549 2171 1597 dictum
2210 1550 2434 1599 balliuum

505 1643 696 1702 recepta
733 1640 867 1686 Idem
903 1638 1106 1687 balliuus
1144 1643 1322 1687 statum
1362 1639 1584 1687 saisinam
1625 1642 1675 1686 et
1713 1638 2052 1686 hereditariam
2090 1641 2433 1702 possessionem

507 1729 621 1775 dicti
663 1728 923 1776 tenementi
975 1756 985 1765 ·
1038 1756 1048 1765 ·
1101 1756 1110 1765 -
1162 1727 1417 1775 venerabili
1463 1727 1564 1775 viro
1607 1727 1841 1789 Magistro
1885 1727 2096 1775 Henrico
2137 1728 2435 1793 Carmychell

506 1818 679 1864 rectori
705 1818 763 1864 de
789 1817 999 1864 Lethnot
1022 1832 1078 1864 ac
1103 1815 1398 1879 procuratori
1422 1815 1594 1863 nobiIIs
1619 1815 1805 1862 domine
1843 1816 2114 1878 Margarete
2139 1817 2437 1881 Carmychell

508 1906 690 1954 ducisse
740 1906 914 1953 montis
960 1922 1168 1954 rosarum
1208 1921 1293 1968 per
1333 1909 1460 1952 terre
1503 1908 1550 1952 et
1592 1903 1765 1967 lapidis
1811 1904 2116 1972 traditionem
2153 1906 2285 1954 dedit
2324 1936 2333 1945 ·
2374 1936 2383 1944 -
2423 1936 2434 1946 ·

507 2000 555 2041 et
591 2010 700 2041 acre
735 1998 862 2041 terre
886 1993 1078 2042 arabilis
1117 2022 1126 2031 ·
1167 2022 1176 2031 ·
1217 2022 1225 2030 -
1262 1994 1516 2041 secundum
1553 1996 1766 2040 tenorem
1805 2021 1815 2030 ·
1855 2022 1864 2030 -
1904 2021 1914 2030 ·
1953 1997 2084 2041 carte
2109 1994 2310 2058 desuper
2345 1997 2434 2044 sibi

509 2084 779 2146 Margarete
814 2083 1028 2131 confecte
1070 2082 1207 2131 saluo⁴
1236 2082 1342 2144 jure
1385 2081 1635 2129 cuiuslibet
1674 2109 1684 2119 ·
1722 2082 1876 2144 Super
1922 2082 2090 2144 quibus
2125 2084 2340 2132 omnibus
2388 2090 2436 2133 et

507 2172 700 2234 singulis
737 2172 949 2235 prefatus
992 2171 1223 2234 Magister
1267 2171 1503 2218 Henricus
1537 2187 1567 2217 a
1601 2174 1675 2216 me
1713 2170 1899 2217 notario
1937 2197 1947 2207 ·
1987 2198 1997 2207 ·
2037 2198 2046 2207 ·
2083 2171 2222 2233 petiit
2265 2172 2438 2221 instru-

506 2265 714 2308 mentum
755 2289 763 2297 -
804 2289 813 2298 ·
854 2289 862 2297 ·
902 2262 1028 2307 Acta
1074 2264 1209 2307 erant
1255 2259 1343 2306 hec
1390 2275 1533 2322 super
1581 2257 1829 2323 [fundum]
1871 2259 1987 2306 dicti
2025 2262 2286 2308 tenementi
2325 2290 2334 2299 ·
2375 2291 2384 2300 ·
2424 2292 2434 2301 -

505 2366 628 2396 anno
666 2378 676 2387 ·
716 2378 726 2387 ·
766 2379 775 2387 ·
813 2350 983 2412 quibus
1007 2364 1150 2412 supra
1184 2348 1484 2411 presentibus
1522 2347 1695 2393 ibidem
1733 2347 1956 2394 Johanne
1982 2348 2167 2395 Guthre
2197 2349 2438 2399 Willelmo

506 2438 650 2485 Craik
677 2438 920 2485 Willelmo
946 2436 1258 2485 Sandelandis
1285 2435 1528 2483 Willelmo
1560 2436 1727 2483 Mathe
1753 2439 1801 2483 et
1829 2435 2072 2484 Willelmo
2109 2438 2299 2500 Georgii
2331 2455 2436 2487 cum

505 2527 703 2574 diuersis
740 2526 846 2575 aliis
884 2556 893 2564 ·
933 2555 943 2563 ·
984 2555 993 2563 ·
1031 2526 1256 2588 Sequitur
1280 2523 1563 2588 subscriptio
1601 2552 1610 2561 ·
1650 2523 1715 2571 Et
1754 2540 1839 2587 ego
1866 2524 2112 2573 Walterus
2137 2525 2279 2574 Clerk
2304 2528 2435 2591 (etc.)

451 2758 481 2785 *
506 2728 879 2775 Instrumentum
908 2727 1064 2774 Dauid
1093 2726 1209 2774 Rait
1234 2726 1312 2790 qui
1330 2725 1512 2788 jurauit
1537 2726 1660 2789 quod
1687 2740 1954 2788 nuncquam
1989 2724 2219 2775 alienauit
2255 2729 2432 2775 dictum

503 2821 823 2864 tenementum
849 2816 938 2863 nisi
966 2816 1237 2878 Margarete
1264 2815 1466 2863 Ducisse
1491 2813 1665 2862 montis
1690 2829 1899 2862 rosarum
1939 2842 1949 2851 ·

384 2978 479 3026 109
515 2941 591 3020 In
642 2973 732 3019 Dei
780 2972 966 3019 nomine
1015 2974 1165 3018 Amen
1208 2999 1217 3008 ·
1255 2998 1266 3007 -
1306 2999 1315 3007 ·
1353 2971 1536 3018 cunctis
1574 2974 1739 3033 pateat
1775 2970 2021 3017 euidenter
2053 2972 2175 3033 quod
2213 2987 2336 3019 anno
2371 2974 2432 3020 ab

506 3062 839 3110 Incarnatione
882 3060 1075 3107 Domini
1117 3059 1366 3107 millesimo
1402 3058 1776 3122 quingentesimo
1817 3058 1892 3105 die
1935 3062 2072 3105 sexto
2114 3061 2288 3108 mensis
2323 3078 2432 3109 vero

507 3150 624 3197 Maii
677 3178 685 3187 -
731 3148 999 3196 Indictione
1037 3148 1182 3195 tertia
1216 3147 1520 3210 pontificatus
1557 3175 1567 3184 ·
1607 3174 1617 3184 ·
1657 3174 1666 3183 ·
1705 3145 1966 3192 Alexandri
2004 3174 2014 3183 ·
2055 3175 2063 3184 ·
2103 3176 2113 3185 ·
2149 3165 2269 3212 pape
2305 3151 2430 3198 sexti

503 3254 626 3287 anno
669 3242 839 3285 octauo
892 3265 901 3273 ·
956 3265 964 3273 ·
1019 3265 1028 3273 ·
1078 3235 1388 3299 personaliter
1424 3235 1711 3283 constitutus
1748 3234 1972 3297 prouidus
2009 3239 2058 3282 et
2096 3236 2326 3285 discretus
2362 3239 2434 3284 vir

503 3327 663 3375 Dauid
708 3327 822 3373 Rait
858 3325 1067 3388 legitime
1115 3325 1291 3372 citatus
1339 3328 1386 3371 et
1428 3327 1622 3371 vocatus
1664 3322 1926 3386 comparuit
1969 3338 2125 3370 coram
2164 3353 2173 3361 ·
2213 3353 2222 3361 ·
2262 3353 2273 3362 -
2312 3325 2434 3371 Wil-
