2950 3970
504 632 578 690 74
643 630 1107 687 REGISTRUM
1145 629 1684 686 EPISCOPATUS
1724 628 2318 685 BREOHINENSIS.

507 821 592 869 bus
618 824 667 868 et
691 819 905 868 articulis
928 820 975 867 in
1001 834 1144 868 causa
1167 819 1383 882 predicta
1405 822 1454 866 et
1478 818 1526 864 in
1555 817 1736 880 judicio
1759 818 1993 881 porrectis
2015 815 2305 880 subscriptos
2328 815 2443 865 arti-

509 908 641 958 culos
663 913 714 956 et
737 908 996 972 positiones
1019 923 1160 971 super
1183 907 1351 971 quibus
1374 906 1608 955 instanter
1629 906 1770 969 petiit
1796 906 1950 955 dictos
1973 910 2123 955 testes
2144 904 2444 969 singulariter

507 1001 556 1046 et
594 996 866 1059 singillatim
905 995 1166 1044 examinari
1204 1023 1214 1034 ·

576 1085 846 1134 Positiones
868 1089 917 1134 et
942 1083 1168 1133 articulos
1195 1083 1487 1147 subscriptos
1518 1083 1602 1131 dat
1626 1086 1676 1131 et
1701 1082 1896 1131 exhibet
1919 1083 1954 1130 J
1957 1083 2165 1131 ohannes
2189 1081 2328 1145 Lyall
2355 1110 2364 1119 -
2394 1109 2403 1119 -
2432 1109 2441 1120 ·

509 1178 789 1238 procurator
825 1202 835 1212 ·
875 1202 885 1212 ·
924 1201 935 1211 ·
971 1172 1180 1237 episcopi
1206 1171 1539 1220 Brechinensis
1562 1175 1612 1220 et
1636 1170 1833 1235 capituli
1868 1170 2077 1219 eiusdem
2101 1171 2151 1218 in
2174 1185 2318 1219 causa
2354 1185 2444 1233 que

508 1263 708 1311 vertitur
729 1278 811 1312 seu
836 1261 957 1310 verti
985 1264 1204 1325 speratur
1227 1259 1352 1308 inter
1375 1259 1554 1308 dictum
1578 1259 1886 1307 reuerendum
1911 1262 2095 1322 patrem
2112 1261 2161 1306 et
2185 1257 2443 1322 capitulum

508 1351 715 1400 eiusdem
746 1355 932 1399 actores
955 1350 1015 1398 ab
1040 1364 1134 1397 una
1157 1352 1207 1397 et
1231 1348 1487 1397 discretum
1510 1349 1661 1397 virum
1688 1347 1963 1411 magistrum
1989 1347 2150 1395 Dauid
2174 1347 2233 1394 de
2259 1345 2443 1409 Ogilwy

508 1444 739 1488 rectorem
764 1438 962 1487 ecclesie
987 1439 1045 1486 de
1071 1438 1282 1486 Lethnot
1305 1452 1388 1486 seu
1413 1452 1752 1501 quemcumque
1787 1435 1932 1484 alium
1956 1434 2032 1483 vel
2067 1434 2187 1483 alios
2214 1435 2444 1483 interesse

507 1530 555 1576 in
580 1529 710 1576 dicta
732 1543 875 1576 causa
897 1527 1128 1575 habentes
1150 1541 1234 1575 seu
1256 1526 1431 1574 habere
1455 1528 1679 1589 putantes
1715 1552 1724 1563 -
1761 1524 1915 1587 Super
1937 1523 2105 1587 quibus
2139 1522 2261 1586 petit
2294 1526 2446 1571 testes

508 1633 593 1681 per
638 1617 791 1681 ipsum
831 1616 1087 1680 productos
1132 1614 1432 1678 singulariter
1468 1618 1518 1662 et
1555 1612 1828 1676 singillatim
1874 1612 2137 1660 examinari
2174 1613 2447 1674 juramento

509 1707 639 1770 prius
663 1705 864 1770 prestito
890 1706 948 1752 de
972 1704 1174 1753 veritate
1199 1703 1400 1751 dicenda
1426 1730 1437 1741 ·
1463 1702 1622 1750 Primo
1646 1700 1780 1766 ponit
1799 1704 1848 1749 et
1871 1701 2071 1764 probare
2095 1700 2299 1748 intendit
2323 1700 2447 1762 quod

512 1794 714 1843 ecclesia
751 1795 810 1842 de
849 1794 1060 1842 Lethnot
1097 1795 1290 1840 tenetur
1328 1791 1529 1840 astricta
1561 1790 1782 1854 episcopo
1819 1788 2127 1837 Brechinensi
2165 1792 2214 1836 et
2239 1786 2448 1851 capitulo

511 1884 719 1932 eiusdem
759 1884 807 1931 in
847 1882 1071 1946 pensione
1094 1896 1252 1929 annua
1273 1880 1438 1943 viginti
1477 1883 1586 1927 octo
1623 1893 1884 1926 marcarum
1923 1906 1934 1916 ·
1973 1877 2191 1925 Secundo
2227 1877 2362 1940 ponit
2399 1879 2449 1924 et

510 1973 708 2035 probare
746 1970 952 2020 intendit
976 1970 1101 2034 quod
1125 1969 1281 2018 dictus
1312 1968 1598 2016 reuerendus
1631 1970 1769 2030 pater
1792 1970 1842 2015 et
1879 1965 2138 2029 capitulum
2172 1965 2361 2013 fuerunt
2398 1968 2448 2012 et

511 2064 620 2109 sunt
645 2060 693 2107 in
716 2059 1009 2123 possessione
1035 2058 1161 2106 dicte
1186 2056 1425 2121 pensionis
1452 2084 1462 2095 ·
1489 2055 1652 2104 Tertio
1671 2055 1794 2119 quod
1820 2054 1976 2103 dictus
1998 2055 2283 2103 reuerendus
2309 2056 2446 2118 pater

512 2154 560 2198 et
604 2147 860 2211 capitulum
902 2147 1079 2194 habent
1115 2145 1304 2194 literam
1343 2143 1642 2192 autenticam·
1658 2142 1812 2206 sigillo
1834 2141 2004 2191 nobilis
2026 2142 2113 2191 viri
2150 2146 2199 2190 et
2235 2142 2445 2206 potentis

513 2237 687 2286 domini
707 2235 882 2284 domini
900 2234 1057 2283 Dauid
1074 2234 1133 2282 de
1152 2233 1377 2296 Lyndsay
1395 2231 1563 2280 militis
1585 2231 1761 2280 domini
1781 2232 1840 2279 de
1860 2230 2070 2280 Glenesk
2087 2231 2185 2280 veri
2209 2232 2444 2294 quondam

511 2326 698 2390 patroni
724 2326 850 2373 dicte
875 2323 1073 2372 ecclesie
1097 2323 1155 2370 de
1181 2321 1391 2370 Lethnot
1415 2319 1668 2383 sigillatam
1704 2319 2044 2368 consentientis
2067 2323 2115 2368 et
2139 2319 2446 2383 approbantis

513 2416 688 2464 dictam
714 2429 917 2462 annuam
940 2412 1214 2476 pensionem
1250 2414 1303 2458 ut
1334 2408 1647 2473 prescriptum
1673 2412 1746 2457 est
1771 2408 1932 2456 deberi
1970 2435 1981 2446 ·
2019 2408 2200 2463 Quarto
2224 2409 2359 2472 ponit
2395 2413 2444 2456 et

513 2505 712 2568 probare
751 2501 956 2550 intendit
981 2500 1106 2564 quod
1138 2499 1372 2563 quondam
1395 2496 1568 2546 nobilis
1601 2496 1673 2545 vir
1707 2496 1944 2544 Henricus
1967 2497 2026 2544 de
2052 2496 2265 2544 Lechton
2288 2512 2447 2545 arren-

516 2594 654 2641 dator
691 2591 817 2639 dicte
858 2589 1056 2638 ecclesie
1083 2591 1222 2651 pater
1254 2585 1491 2634 «Iohannis
1515 2585 1573 2633 de
1598 2584 1818 2647 Lychton
1859 2583 2003 2632 soluit
2043 2588 2093 2633 et
2133 2599 2240 2632 cum
2275 2585 2446 2635 effectu

514 2681 706 2729 realiter
729 2677 1008 2727 deliberauit
1032 2675 1291 2724 reuerendo
1309 2674 1436 2739 patri
1459 2673 1648 2721 domino
1667 2671 1875 2721 Patricio
1899 2672 2119 2736 episcopo
2138 2673 2446 2723 Brechinensi

515 2775 564 2818 et
588 2768 795 2832 capitulo
819 2767 1028 2815 eiusdem
1068 2780 1212 2812 unum
1250 2778 1473 2826 magnum
1496 2777 1667 2825 equum
1709 2760 1867 2808 album
1903 2760 1951 2808 in
1985 2764 2170 2824 partem
2199 2761 2447 2811 solutionis

517 2858 643 2905 dicte
677 2855 915 2920 pensionis
953 2882 962 2892 ·
997 2853 1175 2908 Quinto
1199 2851 1324 2916 quod
1361 2850 1487 2898 idem
1511 2848 1750 2897 Henricus
1773 2849 1831 2896 de
1858 2849 2074 2897 Lechton
2097 2850 2158 2898 ad
2183 2851 2445 2899 ducendum

516 2946 698 3009 lapides
721 2945 781 2992 ad
807 2942 1151 2991 edificationem
1174 2937 1451 3003 campanilis
1487 2936 1685 2986 ecclesie
1710 2937 2043 2986 Brechinensis
2065 2941 2277 3002 tempore
2302 2956 2447 3003 quon-

521 3036 629 3082 dam
654 3032 829 3082 domini
855 3030 1050 3079 Patricii
1074 3028 1282 3093 episcopi
1315 3025 1648 3075 Brechinensis
1683 3024 1876 3074 realiter
1910 3029 1958 3073 et
1994 3041 2099 3073 cum
2123 3026 2292 3075 effectu
2317 3029 2447 3076 dedit

521 3140 663 3172 unum
683 3137 866 3170 currum
883 3135 1021 3183 quem
1038 3118 1153 3166 fecit
1172 3116 1350 3165 Elisius
1366 3115 1571 3178 Wrycht
1587 3118 1703 3162 tunc
1721 3128 2014 3162 commorans
2027 3116 2152 3177 apud
2173 3115 2448 3179 Fynnewyn

520 3228 659 3276 super
692 3210 737 3258 le
765 3209 891 3257 bank
915 3209 973 3255 de
999 3206 1216 3270 Lymyny
1240 3205 1288 3252 in
1311 3208 1495 3268 partem
1529 3202 1779 3253 solutionis
1814 3202 1940 3251 dicte
1974 3203 2213 3266 pensionis
2251 3232 2262 3243 ·
2297 3205 2449 3254 Sexto

523 3301 657 3366 pouit
693 3303 743 3347 et
779 3297 977 3361 probare
1016 3293 1221 3343 intendit
1245 3293 1370 3357 quod
1394 3292 1618 3356 magister
1639 3293 1674 3340 J
1677 3291 1885 3341 ohannes
1922 3292 1980 3340 de
2021 3291 2189 3355 Angus
2227 3291 2318 3341 fuit·
2355 3295 2449 3357 pri-
