2950 3970
553 642 663 696 154
729 642 1193 698 REGISTRUM
1231 640 1772 697 EPISCOPATUS
1811 639 2409 697 BRECHINENSIS.

557 831 794 880 chinensis
817 832 1116 880 monitoriam
1142 847 1227 894 pro
1252 832 1414 879 decem
1450 829 1583 878 libris
1618 834 1806 878 monete
1831 829 1992 877 Scotie
2017 844 2135 892 quas
2158 828 2315 877 dictus
2338 843 2496 875 reuer-

559 920 708 968 endus
731 923 870 983 pater
895 920 1018 967 dixit
1043 920 1167 983 quod
1192 919 1553 966 archidiaconus
1581 917 1671 966 sibi
1706 917 1912 966 debebat
1935 934 2077 981 quam
2110 917 2299 965 literam
2335 916 2497 964 volens

558 1008 729 1071 exequi
753 1007 883 1055 venit
918 1009 978 1055 ad
1014 1023 1249 1055 cameram
1286 1006 1403 1054 dicti
1438 1005 1759 1054 archidiaconi
1784 1022 1923 1070 quam
1948 1005 2039 1055 sibi
2062 1006 2318 1054 ostendens
2341 1006 2498 1053 dictus

557 1097 915 1144 archidiaconus
956 1112 1061 1144 eam
1103 1096 1230 1159 cepit
1272 1099 1322 1143 et
1364 1094 1621 1158 requisitus
1660 1093 1813 1142 noluit
1854 1095 2097 1142 retradere
2134 1121 2145 1132 ·
2181 1094 2302 1142 Ideo
2344 1094 2499 1142 dictus

560 1184 831 1248 capellanus
855 1183 1140 1248 parochialis
1163 1183 1365 1231 adduxit
1391 1182 1607 1231 dominos
1628 1182 1663 1229 J
1666 1182 1901 1231 ohannem
1926 1182 2112 1246 Squyar
2146 1186 2196 1230 et
2228 1182 2262 1229 J
2266 1182 2498 1230 ohannem

562 1272 793 1320 Willelmi
828 1278 878 1321 et
913 1273 961 1319 in
996 1272 1237 1336 presentia
1271 1271 1458 1319 illorum
1494 1271 1719 1335 repetiuit
1754 1271 1930 1319 dictam
1965 1270 2177 1319 litteram
2201 1271 2291 1320 sibi
2321 1271 2498 1319 retradi

562 1379 701 1426 quam
744 1362 900 1410 dictus
940 1361 1301 1409 archidiaconus
1339 1361 1528 1409 tradere
1569 1359 1797 1408 refutauit
1835 1386 1845 1397 ·
1883 1359 1950 1407 Et
1990 1359 2162 1407 iterum
2203 1359 2251 1407 in
2293 1360 2502 1408 crastino

562 1451 786 1514 repetiuit
825 1452 1022 1498 eandem
1060 1466 1090 1497 a
1126 1450 1255 1498 dicto
1291 1448 1626 1497 archidiacono
1661 1448 1711 1495 in
1746 1447 1988 1512 presentia
2015 1447 2192 1496 domini
2227 1448 2407 1496 Thome
2444 1449 2503 1496 de

565 1538 805 1587 Hoilande
843 1566 853 1576 ·
891 1539 984 1594 Qui
1019 1538 1379 1586 archidiaconus
1414 1537 1656 1587 confessus
1691 1541 1766 1586 est
1798 1535 1980 1585 habere
2014 1537 2099 1586 sed
2138 1537 2366 1586 refutauit
2401 1538 2505 1585 red-

564 1630 672 1676 dere
714 1655 723 1666 ·
763 1628 855 1682 Qui
890 1631 990 1675 tres
1022 1631 1174 1676 testes
1207 1629 1561 1676 affirmauerunt
1595 1642 1681 1690 per
1709 1627 2029 1689 juramentum
2066 1627 2191 1690 quod
2214 1625 2432 1674 viderunt
2456 1630 2504 1673 et

566 1717 850 1764 audiuerunt
886 1717 1066 1764 dictum
1104 1716 1386 1779 Magistrum
1423 1715 1750 1763 Alexandrum
1784 1715 2019 1779 prefatam
2053 1713 2264 1762 litteram
2290 1719 2505 1777 repetere

565 1821 595 1852 a
637 1806 767 1853 dicto
807 1804 1140 1853 archidiacono
1182 1804 1262 1867 qui
1302 1803 1662 1852 archidiaconus
1701 1803 1932 1852 confitens
1972 1803 2147 1850 habere
2187 1806 2238 1850 et
2278 1803 2506 1851 refutauit

570 1895 767 1942 reddere
805 1922 815 1932 ·
852 1893 1120 1942 Secundam
1143 1892 1354 1941 litteram
1380 1892 1497 1940 dicti
1522 1891 1700 1939 domini
1734 1891 1944 1956 episcopi
1967 1891 2148 1955 recepit
2172 1891 2330 1939 dictus
2352 1890 2508 1954 capel-

567 1982 704 2031 lanus
739 1983 790 2029 in
828 1981 1039 2045 capitulo
1075 1981 1283 2044 generali
1324 1981 1634 2029 Brechinensi
1670 1982 1728 2028 de
1763 1996 1905 2028 manu
1928 1980 2136 2044 episcopi
2172 1985 2222 2028 et
2257 1981 2368 2028 dum
2404 1995 2508 2028 eam

568 2070 718 2119 voluit
742 2071 915 2134 exequi
939 2071 987 2117 in
1012 2070 1248 2119 dominica
1270 2069 1490 2133 sequenti
1513 2069 1700 2133 publice
1736 2069 1784 2116 in
1820 2067 2023 2118 ecclesia
2056 2070 2329 2133 superuenit
2354 2070 2511 2118 dictus

570 2159 930 2207 archidiaconus
954 2158 1288 2206 Brechinensis
1325 2173 1432 2205 cum
1469 2157 1803 2206 archidiacono
1828 2147 2156 2206 Dunkeldensi
2190 2159 2252 2206 ad
2287 2159 2512 2207 vicarium

573 2254 622 2296 et
646 2247 941 2312 capellanum
968 2246 1287 2310 parochialem
1325 2248 1384 2295 de
1424 2246 1598 2294 Dunde
1635 2246 1684 2294 in
1718 2246 1926 2310 hospitio
1950 2246 2067 2294 dicti
2091 2247 2253 2294 vicarii
2278 2252 2327 2296 et
2356 2248 2404 2295 in
2428 2264 2514 2296 suo

580 2338 718 2385 horto
742 2341 791 2384 et
819 2336 867 2383 in
890 2335 1132 2399 presentia
1168 2335 1362 2383 testium
1401 2335 1772 2397 subscriptorum
1810 2338 1860 2382 et
1874 2335 2120 2398 ·Magistri
2142 2336 2176 2383 J
2180 2336 2376 2385 ohannis
2400 2337 2515 2384 Ydil

578 2426 753 2474 notarii
792 2425 948 2473 dictus
985 2423 1346 2472 archidiaconus
1385 2422 1719 2472 Brechinensis
1756 2422 1872 2486 legit
1911 2424 2260 2487 exemptionem
2296 2441 2428 2474 suam
2454 2427 2515 2473 de

579 2516 720 2563 verbo
745 2515 793 2562 in
816 2514 1009 2562 verbum
1035 2517 1084 2560 et
1107 2511 1430 2560 executoriale
1453 2527 1541 2575 pro
1563 2516 1699 2575 parte
1735 2515 1784 2559 et
1818 2516 1934 2559 tunc
1957 2512 2204 2575 requisiuit
2227 2514 2519 2562 archidiaco-

579 2621 691 2651 num
716 2602 1103 2651 Dunkeldensem
1126 2617 1212 2664 pro
1234 2601 1514 2648 executione
1539 2599 1854 2663 exemptionis
1877 2616 1960 2648 sue
1998 2627 2008 2638 ·
2046 2601 2140 2655 Qui
2162 2602 2520 2651 archidiaconus

583 2691 937 2740 Dunkeldensis
971 2695 1142 2738 tenens
1177 2689 1332 2738 bullas
1367 2705 1510 2736 manu
1548 2704 1635 2737 sua
1658 2693 1707 2736 et
1730 2692 1957 2752 tanquam
1994 2694 2224 2739 executor
2256 2691 2416 2754 legens
2439 2709 2521 2741 eas

584 2786 632 2829 et
670 2782 844 2830 virtute
882 2795 1108 2844 penarum
1146 2778 1196 2825 in
1234 2776 1555 2826 executoriale
1593 2780 1920 2825 contentarum
1961 2777 2136 2826 vicario
2170 2779 2228 2827 de
2263 2780 2437 2828 Dunde
2471 2782 2519 2828 in

585 2886 787 2934 persona
824 2873 873 2917 et
911 2868 1055 2916 etiam
1094 2866 1340 2930 capellano
1377 2864 1638 2929 parochiali
1662 2869 1712 2913 et
1735 2865 1951 2914 omnibus
1986 2867 2354 2932 quibuscumque
2383 2870 2523 2917 indif-

585 2960 793 3006 ferenter
829 2956 1046 3005 exhibuit
1082 2971 1142 3003 ne
1178 2955 1492 3018 procederent
1527 2954 1591 3002 ad
1629 2953 1959 3002 executionem
1997 2955 2230 3003 dictarum
2253 2955 2519 3006 litterarum

587 3046 761 3110 prefati
797 3045 1044 3094 reuerendi
1082 3044 1233 3108 patris
1267 3059 1352 3092 seu
1390 3057 1790 3106 quarumcumque
1823 3040 2022 3090 aliarum
2055 3043 2323 3092 litterarum
2358 3052 2524 3095 contra

589 3135 824 3198 prefatum
869 3134 1252 3182 archidiaconum
1294 3131 1663 3180 Brechinensem
1711 3130 1895 3179 ratione
1941 3131 2074 3180 cuius
2119 3132 2427 3184 inhibutionis
2472 3140 2521 3182 et
2597 3150 2604 3156 ·

590 3239 816 3288 penarum
840 3223 888 3270 in
912 3221 1232 3270 executoriale
1258 3223 1589 3269 contentarum
1616 3222 1731 3267 tunc
1754 3223 1804 3267 et
1827 3219 1981 3267 adhuc
2005 3219 2198 3270 dimissa
2221 3226 2270 3270 et
2294 3223 2522 3287 impedita

593 3317 665 3362 est
703 3311 923 3360 executio
960 3311 1192 3359 dictarum
1230 3309 1495 3358 litterarum
1534 3308 1743 3371 episcopi
1774 3322 1921 3371 usque
1956 3308 2005 3355 in
2040 3309 2314 3358 hodiernum
2345 3312 2468 3359 diem
2509 3341 2519 3350 ·
