2950 3970
609 655 1076 710 REGISTRUM
1114 654 1656 711 EPISOOPATUS
1696 654 2288 713 BRECHINENSIS.
2331 658 2437 712 123

501 848 640 908 pater
677 846 801 910 quod
840 845 1117 894 intendebat
1154 849 1204 894 et
1241 844 1388 893 voluit
1424 844 1644 909 prosequi
1680 845 1857 892 dietum
1881 846 2108 893 decanum
2136 846 2194 893 de
2218 846 2430 894 omnibus

503 933 697 982 summis
732 949 818 997 per
854 949 1171 998 quoscumque
1210 935 1462 983 canonicos
1498 933 1671 982 debitis
1708 937 1816 997 post
1854 933 2096 982 introitum
2137 933 2186 980 in
2226 933 2427 981 officium

502 1022 854 1086 procuracionis
891 1023 1038 1086 ipsius
1076 1023 1242 1071 decani
1279 1028 1329 1071 et
1366 1022 1485 1072 alios
1522 1023 1602 1086 qui
1638 1038 1724 1086 pro
1760 1026 1972 1086 tempore
2004 1022 2224 1070 introitus
2260 1021 2331 1070 sui
2369 1023 2428 1069 ab

501 1114 613 1160 ante
638 1111 875 1160 debebant
912 1111 1022 1174 quia
1056 1127 1141 1174 per
1175 1127 1280 1160 eum
1315 1111 1452 1160 stetit
1487 1114 1541 1159 ut
1575 1111 1786 1174 prefatus
1820 1111 2104 1159 reuerendus
2138 1114 2276 1173 pater
2309 1111 2430 1158 dixit

501 1199 750 1264 quominus
796 1200 924 1248 diote
971 1216 1151 1248 summe
1197 1204 1355 1249 essent
1401 1199 1555 1249 solute
1577 1222 1579 1224 ·
1599 1201 1855 1248 seeundum
1896 1198 2279 1248 consuetudinem
2322 1199 2432 1247 hac-

499 1293 640 1339 tenus
674 1289 974 1337 obseruatam
1011 1304 1096 1352 per
1132 1304 1425 1337 communem
1447 1293 1799 1352 procuratorem
1834 1288 2029 1352 capituli
2053 1292 2102 1336 et
2126 1291 2350 1336 contenta
2383 1289 2430 1335 in

499 1378 642 1428 dietis
678 1377 808 1426 bulla
847 1382 896 1425 et
934 1381 1118 1426 statuto
1156 1407 1165 1416 ·
1204 1377 1565 1426 Protestabatur
1604 1377 1773 1425 iterum
1812 1377 1966 1425 dietus
1988 1377 2272 1425 reuerendus
2296 1380 2430 1439 pater

500 1469 626 1532 quod
662 1468 724 1516 ad
761 1467 1062 1516 taxaoionem
1100 1466 1226 1515 bulle
1266 1470 1493 1530 quantum
1516 1468 1577 1514 ad
1601 1467 1753 1530 ipsum
1777 1465 1984 1514 debitam
2008 1482 2092 1529 pro
2116 1481 2266 1528 eappa
2288 1464 2429 1512 vellet

500 1559 558 1606 de
593 1557 722 1606 facto
758 1556 948 1605 obedire
988 1585 996 1593 ·
1035 1560 1084 1604 et
1124 1555 1356 1618 Magister
1391 1554 1630 1603 Robertus
1665 1554 1912 1602 Crannooh
1944 1558 2109 1602 cantor
2145 1553 2430 1601 Breohinen-

499 1647 566 1696 sis
582 1647 708 1695 idem
727 1645 1083 1710 protestabatur
1120 1672 1129 1681 ·
1167 1643 1395 1691 Canonioi
1413 1644 1647 1691 intrantes
1664 1646 1771 1706 post
1789 1641 1991 1690 officium
2014 1645 2302 1704 assumptum
2327 1657 2433 1703 pro-

405 1735 411 1739 ’
502 1735 766 1787 curaeionis
804 1733 1067 1783 eommunis
1104 1749 1188 1797 per
1225 1733 1403 1781 dietum
1441 1733 1670 1779 decanum
1707 1731 1786 1794 qui
1823 1731 2028 1778 nondum
2064 1729 2304 1778 soluerunt
2345 1745 2430 1776 nec

501 1830 613 1875 ante
638 1824 881 1874 soluerunt
919 1827 1030 1872 sunt
1069 1821 1150 1871 isti
1189 1824 1441 1884 sequentes
1478 1823 1532 1867 ut
1571 1819 1759 1867 dicebat
1800 1819 1954 1867 dietus
1989 1818 2273 1866 reuerendus
2295 1821 2430 1880 pater

499 1919 548 1964 et
584 1914 699 1964 leoti
722 1918 837 1962 tuno
872 1913 920 1960 in
962 1910 1171 1976 capitulo
1208 1911 1266 1958 de
1303 1909 1442 1972 longo
1478 1937 1488 1947 ·
1524 1908 1608 1955 viz.
1651 1907 1865 1955 dominus
1887 1907 1921 1953 J
1925 1907 2131 1954 ohannes
2170 1905 2428 1969 Episcopus

501 2004 836 2054 Breohinensis
859 2004 1022 2050 decem
1060 2015 1244 2048 mareas
1280 1999 1535 2048 seeundum
1575 1995 1761 2051 bullam,
1799 2011 1937 2059 quam
1976 2010 2202 2043 summam
2237 1993 2351 2041 dicit
2375 2009 2425 2041 se

499 2093 695 2144 soluisse
733 2122 743 2131 -
782 2091 1014 2155 Magister
1056 2088 1299 2138 Gilbertus
1341 2087 1567 2135 Forestar
1604 2083 1961 2132 archidiaconus
1994 2086 2043 2130 et
2080 2081 2308 2144 Magister
2342 2082 2375 2127 J
2379 2097 2428 2128 o-

498 2186 681 2233 hannes
704 2181 814 2231 Clat
838 2178 1179 2246 prebendarius
1214 2178 1272 2224 de
1309 2174 1579 2236 Glenberuy
1604 2172 1802 2236 quilibet
1826 2171 2028 2234 quinque
2051 2185 2233 2218 marcas
2266 2185 2428 2217 secun-

503 2276 615 2323 dum
638 2272 816 2321 bullam
840 2270 953 2336 quia
968 2272 1081 2316 ante
1099 2264 1445 2314 emanationem
1471 2262 1597 2310 dicte
1620 2260 1746 2308 bulle
1763 2275 1856 2307 non
1875 2258 2114 2308 soluerunt
2151 2286 2161 2295 ·
2200 2257 2427 2319 Magister

502 2363 663 2412 Dauid
701 2362 760 2409 de
799 2358 967 2423 Ogilvy
1003 2372 1090 2421 pro
1126 2353 1372 2420 prebenda
1403 2352 1461 2398 de
1500 2350 1708 2397 Lethnot
1732 2364 1793 2395 ex
1816 2350 1996 2395 statuto
2019 2345 2181 2408 viginti
2205 2344 2378 2393 solidos
2415 2372 2424 2382 ·

503 2453 569 2501 Et
594 2450 828 2513 Magister
852 2445 1124 2495 Willelmus
1158 2441 1336 2491 Hawik
1369 2456 1430 2488 ex
1465 2442 1647 2488 statuto
1681 2435 1844 2499 viginti
1878 2434 2052 2483 solidos
2073 2449 2158 2497 pro
2191 2433 2425 2496 prebenda

502 2543 563 2591 de.
587 2536 916 2602 Guthryquia
939 2534 1217 2584 dimiserunt
1240 2526 1503 2594 prebendas
1534 2530 1647 2574 ante
1684 2523 2046 2573 ostentationem
2075 2521 2199 2569 bulle
2234 2526 2282 2569 et
2319 2526 2425 2584 post

501 2633 734 2680 statutum
758 2627 938 2675 editum
963 2628 1012 2672 et
1035 2627 1247 2684 tempore
1271 2615 1618 2682 procuracionis
1645 2613 1760 2660 dicti
1794 2611 1958 2659 decani
1995 2637 2006 2647 ·
2045 2609 2272 2672 Magister
2295 2609 2426 2656 Dun-

502 2735 648 2770 oanus
686 2717 936 2782 Lyohtoun
969 2728 1055 2776 pro
1093 2711 1323 2758 decanatu
1361 2705 1563 2769 quinque
1600 2716 1783 2749 marcas
1819 2703 1868 2747 et
1905 2714 1990 2762 pro
2026 2697 2200 2745 vicaria
2223 2696 2425 2760 quinque

502 2825 688 2859 mareas
723 2835 734 2846 ·
772 2803 1006 2868 Magister
1049 2800 1084 2847 J
1088 2800 1297 2847 ohannes
1343 2793 1591 2856 Lyehtoun
1638 2790 1842 2836 decanus
1886 2802 1971 2849 pro
2017 2785 2191 2832 vicaria
2225 2784 2426 2847 quinque

503 2950 684 3037 Cantor
719 2984 923 3049 quinque
959 2992 1142 3027 mareas
1180 3003 1189 3013 ·
1229 2971 1458 3035 Magister
1494 2965 1772 3015 Alexander
1806 2962 2053 3025 Lyehtoun
2092 2976 2178 3024 pro
2220 2960 2426 3007 Lethnot

503 3078 709 3142 quinque
734 3086 918 3122 mareas
954 3098 964 3107 ·
1003 3065 1235 3128 Magister
1260 3061 1465 3108 Thomas
1489 3055 1672 3103 Archar
1694 3067 1779 3115 pro
1802 3049 2097 3099 thezauraria
2120 3047 2427 3111 quadraginta

502 3167 679 3218 solidos
716 3191 726 3203 ·
765 3159 999 3223 Magister
1020 3153 1255 3203 Henrious
1275 3147 1418 3211 Rynd
1436 3160 1520 3209 pro
1538 3142 1856 3191 subdecanatu
1875 3135 2185 3200 quadraginta
2207 3134 2380 3183 solidos
2418 3163 2426 3171 ι

505 3255 738 3318 Magister
755 3240 1046 3304 Laurenoius
1065 3243 1188 3305 Pyot
1203 3254 1288 3302 pro
1304 3231 1601 3300 pensionaria
1615 3226 1922 3292 quadraginta
1940 3223 2114 3272 solidos
2152 3251 2162 3261 -
2202 3223 2430 3286 Magister

502 3349 535 3395 J
539 3346 748 3395 ohannes
789 3338 1061 3398 Monypeny
1099 3344 1184 3393 pro
1210 3320 1476 3385 Buthirgyll
1501 3316 1811 3382 quadraginta
1833 3313 2007 3362 solidos
2045 3339 2056 3350 ·
2095 3312 2323 3373 Magister
2349 3311 2430 3356 Ri-
