<?xml version="1.0" encoding="UTF-8"?>
<!DOCTYPE html PUBLIC "-//W3C//DTD XHTML 1.0 Transitional//EN"
    "http://www.w3.org/TR/xhtml1/DTD/xhtml1-transitional.dtd">
<html xmlns="http://www.w3.org/1999/xhtml" xml:lang="en" lang="en">
 <head>
  <title>
</title>
<meta http-equiv="Content-Type" content="text/html;charset=utf-8" />
  <meta name='ocr-system' content='tesseract 3.04.00' />
  <meta name='ocr-capabilities' content='ocr_page ocr_carea ocr_par ocr_line ocrx_word'/>
</head>
<body>
  <div class='ocr_page' id='page_1' title='image "./registrumepiscop01brecuoft_0087.png"; bbox 0 0 2950 3970; ppageno 0'>
   <div class='ocr_carea' id='block_1_1' title="bbox 332 756 517 796">
    <p class='ocr_par' dir='ltr' id='par_1_1' title="bbox 332 756 517 796">
     <span class='ocr_line' id='line_1_1' title="bbox 332 756 517 796; baseline 0 0"><span class='ocrx_word' id='word_1_1' title='bbox 332 756 517 796; x_wconf 90' lang='lat' dir='ltr'><strong>CLVIII.</strong></span> 
     </span>
    </p>
   </div>
   <div class='ocr_carea' id='block_1_2' title="bbox 375 883 516 921">
    <p class='ocr_par' dir='ltr' id='par_1_2' title="bbox 375 883 516 921">
     <span class='ocr_line' id='line_1_2' title="bbox 375 883 516 921; baseline 0 0"><span class='ocrx_word' id='word_1_2' title='bbox 375 883 516 921; x_wconf 89' lang='lat' dir='ltr'>CLIX.</span> 
     </span>
    </p>
   </div>
   <div class='ocr_carea' id='block_1_3' title="bbox 399 1073 518 1113">
    <p class='ocr_par' dir='ltr' id='par_1_3' title="bbox 399 1073 518 1113">
     <span class='ocr_line' id='line_1_3' title="bbox 399 1073 518 1113; baseline 0 0"><span class='ocrx_word' id='word_1_3' title='bbox 399 1073 518 1113; x_wconf 87' lang='lat' dir='ltr'><strong>CLX.</strong></span> 
     </span>
    </p>
   </div>
   <div class='ocr_carea' id='block_1_4' title="bbox 373 1200 515 1242">
    <p class='ocr_par' dir='ltr' id='par_1_4' title="bbox 373 1200 515 1242">
     <span class='ocr_line' id='line_1_4' title="bbox 373 1200 515 1242; baseline -0.021 0"><span class='ocrx_word' id='word_1_4' title='bbox 373 1200 515 1242; x_wconf 89' lang='lat' dir='ltr'><strong>CLXI.</strong></span> 
     </span>
    </p>
   </div>
   <div class='ocr_carea' id='block_1_5' title="bbox 356 1327 518 1367">
    <p class='ocr_par' dir='ltr' id='par_1_5' title="bbox 356 1327 518 1367">
     <span class='ocr_line' id='line_1_5' title="bbox 356 1327 518 1367; baseline -0.019 0"><span class='ocrx_word' id='word_1_5' title='bbox 356 1327 518 1367; x_wconf 90' lang='lat' dir='ltr'>CLXII.</span> 
     </span>
    </p>
   </div>
   <div class='ocr_carea' id='block_1_6' title="bbox 327 1454 514 1494">
    <p class='ocr_par' dir='ltr' id='par_1_6' title="bbox 327 1454 514 1494">
     <span class='ocr_line' id='line_1_6' title="bbox 327 1454 514 1494; baseline -0.005 0"><span class='ocrx_word' id='word_1_6' title='bbox 327 1454 514 1494; x_wconf 90' lang='lat' dir='ltr'><strong>CLXIII.</strong></span> 
     </span>
    </p>
   </div>
   <div class='ocr_carea' id='block_1_7' title="bbox 337 1580 517 1620">
    <p class='ocr_par' dir='ltr' id='par_1_7' title="bbox 337 1580 517 1620">
     <span class='ocr_line' id='line_1_7' title="bbox 337 1580 517 1620; baseline -0.017 0"><span class='ocrx_word' id='word_1_7' title='bbox 337 1580 517 1620; x_wconf 91' lang='lat' dir='ltr'><strong>CLXIV.</strong></span> 
     </span>
    </p>
   </div>
   <div class='ocr_carea' id='block_1_8' title="bbox 355 1770 515 1809">
    <p class='ocr_par' dir='ltr' id='par_1_8' title="bbox 355 1770 515 1809">
     <span class='ocr_line' id='line_1_8' title="bbox 355 1770 515 1809; baseline -0.006 0"><span class='ocrx_word' id='word_1_8' title='bbox 355 1770 515 1809; x_wconf 88' lang='lat' dir='ltr'>CLXV.</span> 
     </span>
    </p>
   </div>
   <div class='ocr_carea' id='block_1_9' title="bbox 345 1960 525 2000">
    <p class='ocr_par' dir='ltr' id='par_1_9' title="bbox 345 1960 525 2000">
     <span class='ocr_line' id='line_1_9' title="bbox 345 1960 525 2000; baseline -0.017 0"><span class='ocrx_word' id='word_1_9' title='bbox 345 1960 525 2000; x_wconf 91' lang='lat' dir='ltr'><strong>CLXVI.</strong></span> 
     </span>
    </p>
   </div>
   <div class='ocr_carea' id='block_1_10' title="bbox 312 2087 513 2127">
    <p class='ocr_par' dir='ltr' id='par_1_10' title="bbox 312 2087 513 2127">
     <span class='ocr_line' id='line_1_10' title="bbox 312 2087 513 2127; baseline -0.015 0"><span class='ocrx_word' id='word_1_10' title='bbox 312 2087 513 2127; x_wconf 89' lang='lat' dir='ltr'><strong>CLXVII.</strong></span> 
     </span>
    </p>
   </div>
   <div class='ocr_carea' id='block_1_11' title="bbox 296 2278 519 2318">
    <p class='ocr_par' dir='ltr' id='par_1_11' title="bbox 296 2278 519 2318">
     <span class='ocr_line' id='line_1_11' title="bbox 296 2278 519 2318; baseline -0.009 0"><span class='ocrx_word' id='word_1_11' title='bbox 296 2278 519 2318; x_wconf 85' lang='lat' dir='ltr'><strong>CLXVIII.</strong></span> 
     </span>
    </p>
   </div>
   <div class='ocr_carea' id='block_1_12' title="bbox 333 2529 512 2569">
    <p class='ocr_par' dir='ltr' id='par_1_12' title="bbox 333 2529 512 2569">
     <span class='ocr_line' id='line_1_12' title="bbox 333 2529 512 2569; baseline -0.011 0"><span class='ocrx_word' id='word_1_12' title='bbox 333 2529 512 2569; x_wconf 90' lang='lat' dir='ltr'><strong>CLXIX.</strong></span> 
     </span>
    </p>
   </div>
   <div class='ocr_carea' id='block_1_13' title="bbox 354 2783 513 2824">
    <p class='ocr_par' dir='ltr' id='par_1_13' title="bbox 354 2783 513 2824">
     <span class='ocr_line' id='line_1_13' title="bbox 354 2783 513 2824; baseline -0.025 0"><span class='ocrx_word' id='word_1_13' title='bbox 354 2783 513 2824; x_wconf 87' lang='lat' dir='ltr'><strong>CLXX.</strong></span> 
     </span>
    </p>
   </div>
   <div class='ocr_carea' id='block_1_14' title="bbox 331 2986 510 3026">
    <p class='ocr_par' dir='ltr' id='par_1_14' title="bbox 331 2986 510 3026">
     <span class='ocr_line' id='line_1_14' title="bbox 331 2986 510 3026; baseline -0.011 0"><span class='ocrx_word' id='word_1_14' title='bbox 331 2986 510 3026; x_wconf 88' lang='lat' dir='ltr'><strong>CLXXI.</strong></span> 
     </span>
    </p>
   </div>
   <div class='ocr_carea' id='block_1_15' title="bbox 1165 582 2519 647">
    <p class='ocr_par' dir='ltr' id='par_1_15' title="bbox 1165 582 2519 647">
     <span class='ocr_line' id='line_1_15' title="bbox 1165 582 2519 647; baseline 0.008 -11"><span class='ocrx_word' id='word_1_15' title='bbox 1165 582 1623 640; x_wconf 87' lang='lat' dir='ltr'><strong>TABULA.</strong></span> <span class='ocrx_word' id='word_1_16' title='bbox 2425 595 2519 647; x_wconf 83' lang='lat' dir='ltr'><strong>xxi</strong></span> 
     </span>
    </p>
   </div>
   <div class='ocr_carea' id='block_1_16' title="bbox 572 757 2350 821">
    <p class='ocr_par' dir='ltr' id='par_1_16' title="bbox 572 757 2350 821">
     <span class='ocr_line' id='line_1_16' title="bbox 572 757 2350 821; baseline 0.006 -27"><span class='ocrx_word' id='word_1_17' title='bbox 572 757 875 795; x_wconf 73' lang='lat' dir='ltr'><strong>lustramentum</strong></span> <span class='ocrx_word' id='word_1_18' title='bbox 896 757 1066 796; x_wconf 86' lang='lat' dir='ltr'><strong>Saisinae</strong></span> <span class='ocrx_word' id='word_1_19' title='bbox 1085 757 1124 796; x_wconf 90' lang='lat' dir='ltr'><strong>in</strong></span> <span class='ocrx_word' id='word_1_20' title='bbox 1145 758 1316 798; x_wconf 85' lang='lat' dir='ltr'><strong>favorem</strong></span> <span class='ocrx_word' id='word_1_21' title='bbox 1339 761 1510 800; x_wconf 80' lang='lat' dir='ltr'><strong>Thomae</strong></span> <span class='ocrx_word' id='word_1_22' title='bbox 1530 762 1621 800; x_wconf 86' lang='lat' dir='ltr'><strong>Low</strong></span> <span class='ocrx_word' id='word_1_23' title='bbox 1641 763 1800 814; x_wconf 87' lang='lat' dir='ltr'><strong>ejusque</strong></span> <span class='ocrx_word' id='word_1_24' title='bbox 1819 776 1992 814; x_wconf 83' lang='lat' dir='ltr'><strong>sponsae.</strong></span> <span class='ocrx_word' id='word_1_25' title='bbox 2048 763 2089 815; x_wconf 90' lang='grc'><strong>[7</strong></span> <span class='ocrx_word' id='word_1_26' title='bbox 2106 765 2195 804; x_wconf 86' lang='lat' dir='ltr'><strong>Jun.</strong></span> <span class='ocrx_word' id='word_1_27' title='bbox 2219 767 2350 821; x_wconf 84' lang='lat'><strong>1592.]</strong></span> 
     </span>
    </p>
   </div>
   <div class='ocr_carea' id='block_1_17' title="bbox 572 883 2512 1003">
    <p class='ocr_par' dir='ltr' id='par_1_17' title="bbox 572 883 2512 1003">
     <span class='ocr_line' id='line_1_17' title="bbox 572 883 2512 940; baseline 0.005 -19"><span class='ocrx_word' id='word_1_28' title='bbox 572 883 829 933; x_wconf 81' lang='lat' dir='ltr'><strong>Praeceptum</strong></span> <span class='ocrx_word' id='word_1_29' title='bbox 856 883 904 922; x_wconf 91' lang='lat' dir='ltr'><strong>de</strong></span> <span class='ocrx_word' id='word_1_30' title='bbox 941 884 1052 922; x_wconf 85' lang='lat' dir='ltr'><strong>Clare</strong></span> <span class='ocrx_word' id='word_1_31' title='bbox 1092 886 1253 925; x_wconf 81' lang='lat' dir='ltr'><strong>Constat</strong></span> <span class='ocrx_word' id='word_1_32' title='bbox 1287 900 1356 937; x_wconf 84' lang='lat' dir='ltr'><strong>per</strong></span> <span class='ocrx_word' id='word_1_33' title='bbox 1394 888 1652 926; x_wconf 84' lang='lat' dir='ltr'><strong>Alexandrum</strong></span> <span class='ocrx_word' id='word_1_34' title='bbox 1691 889 1985 927; x_wconf 84' lang='lat' dir='ltr'><strong>Brechinensem</strong></span> <span class='ocrx_word' id='word_1_35' title='bbox 2020 888 2250 940; x_wconf 87' lang='lat' dir='ltr'><strong>Episcopum</strong></span> <span class='ocrx_word' id='word_1_36' title='bbox 2276 893 2314 930; x_wconf 90' lang='lat' dir='ltr'><strong>in</strong></span> <span class='ocrx_word' id='word_1_37' title='bbox 2345 893 2512 932; x_wconf 86' lang='lat' dir='ltr'><strong>favorem</strong></span> 
     </span>
     <span class='ocr_line' id='line_1_18' title="bbox 677 945 1508 1003; baseline 0.007 -20"><span class='ocrx_word' id='word_1_38' title='bbox 677 946 888 984; x_wconf 82' lang='lat' dir='ltr'><strong>Alexandri</strong></span> <span class='ocrx_word' id='word_1_39' title='bbox 911 945 1091 997; x_wconf 84' lang='lat' dir='ltr'><strong>Ramsay.</strong></span> <span class='ocrx_word' id='word_1_40' title='bbox 1149 946 1190 999; x_wconf 88' lang='grc'><strong>[7</strong></span> <span class='ocrx_word' id='word_1_41' title='bbox 1214 948 1307 987; x_wconf 85' lang='lat' dir='ltr'><strong>Feb.</strong></span> <span class='ocrx_word' id='word_1_42' title='bbox 1330 949 1508 1003; x_wconf 84' lang='lat'><strong>1597-8.]</strong></span> 
     </span>
    </p>
   </div>
   <div class='ocr_carea' id='block_1_18' title="bbox 570 1073 2415 1508">
    <p class='ocr_par' dir='ltr' id='par_1_18' title="bbox 571 1073 2415 1383">
     <span class='ocr_line' id='line_1_19' title="bbox 577 1073 2415 1134; baseline 0.003 -22"><span class='ocrx_word' id='word_1_43' title='bbox 577 1073 692 1113; x_wconf 86' lang='lat' dir='ltr'><strong>Carta</strong></span> <span class='ocrx_word' id='word_1_44' title='bbox 712 1073 1013 1111; x_wconf 84' lang='lat' dir='ltr'><strong>confirmationis</strong></span> <span class='ocrx_word' id='word_1_45' title='bbox 1032 1079 1159 1112; x_wconf 79' lang='lat' dir='ltr'><strong>cartae</strong></span> <span class='ocrx_word' id='word_1_46' title='bbox 1179 1087 1383 1114; x_wconf 85' lang='lat' dir='ltr'><strong>concessae</strong></span> <span class='ocrx_word' id='word_1_47' title='bbox 1403 1077 1582 1115; x_wconf 91' lang='lat' dir='ltr'><strong>Villelmo</strong></span> <span class='ocrx_word' id='word_1_48' title='bbox 1602 1077 1822 1116; x_wconf 85' lang='lat' dir='ltr'><strong>Fullartoun</strong></span> <span class='ocrx_word' id='word_1_49' title='bbox 1842 1078 1889 1116; x_wconf 94' lang='lat' dir='ltr'><strong>de</strong></span> <span class='ocrx_word' id='word_1_50' title='bbox 1910 1078 2027 1115; x_wconf 80' lang='lat' dir='ltr'><strong>Ardo-</strong></span> <span class='ocrx_word' id='word_1_51' title='bbox 2082 1075 2149 1128; x_wconf 87' lang='lat'><strong>[18</strong></span> <span class='ocrx_word' id='word_1_52' title='bbox 2171 1080 2261 1117; x_wconf 88' lang='lat' dir='ltr'><strong>Maii</strong></span> <span class='ocrx_word' id='word_1_53' title='bbox 2285 1080 2415 1134; x_wconf 58' lang='lat'>1598]</span> 
     </span>
     <span class='ocr_line' id='line_1_20' title="bbox 571 1200 2149 1257; baseline 0.003 -18"><span class='ocrx_word' id='word_1_54' title='bbox 571 1201 873 1240; x_wconf 83' lang='lat' dir='ltr'><strong>Instrumentum</strong></span> <span class='ocrx_word' id='word_1_55' title='bbox 895 1200 1067 1240; x_wconf 89' lang='lat' dir='ltr'><strong>Saisinae</strong></span> <span class='ocrx_word' id='word_1_56' title='bbox 1086 1202 1126 1238; x_wconf 92' lang='lat' dir='ltr'><strong>in</strong></span> <span class='ocrx_word' id='word_1_57' title='bbox 1141 1201 1310 1241; x_wconf 87' lang='lat' dir='ltr'><strong>favorem</strong></span> <span class='ocrx_word' id='word_1_58' title='bbox 1331 1202 1514 1241; x_wconf 92' lang='lat' dir='ltr'><strong>Willelmi</strong></span> <span class='ocrx_word' id='word_1_59' title='bbox 1534 1203 1736 1242; x_wconf 85' lang='lat' dir='ltr'><strong>Mortown.</strong></span> <span class='ocrx_word' id='word_1_60' title='bbox 1792 1202 1834 1256; x_wconf 87' lang='lat'><strong>[8</strong></span> <span class='ocrx_word' id='word_1_61' title='bbox 1854 1206 1950 1243; x_wconf 84' lang='lat' dir='ltr'><strong>Mar.</strong></span> <span class='ocrx_word' id='word_1_62' title='bbox 1974 1205 2149 1257; x_wconf 86' lang='lat'><strong>1598-9.]</strong></span> 
     </span>
     <span class='ocr_line' id='line_1_21' title="bbox 576 1304 2050 1383; baseline 0.003 -19"><span class='ocrx_word' id='word_1_63' title='bbox 576 1304 879 1366; x_wconf 75' lang='lat' dir='ltr'><strong>Instrumentum</strong></span> <span class='ocrx_word' id='word_1_64' title='bbox 901 1326 1072 1365; x_wconf 86' lang='lat' dir='ltr'><strong>Saisinae</strong></span> <span class='ocrx_word' id='word_1_65' title='bbox 1091 1328 1131 1365; x_wconf 91' lang='lat' dir='ltr'><strong>in</strong></span> <span class='ocrx_word' id='word_1_66' title='bbox 1151 1327 1322 1366; x_wconf 84' lang='lat' dir='ltr'><strong>savorem</strong></span> <span class='ocrx_word' id='word_1_67' title='bbox 1341 1329 1502 1367; x_wconf 86' lang='lat' dir='ltr'><strong>Joannis</strong></span> <span class='ocrx_word' id='word_1_68' title='bbox 1523 1329 1659 1367; x_wconf 84' lang='lat' dir='ltr'><strong>Smart.</strong></span> <span class='ocrx_word' id='word_1_69' title='bbox 1715 1326 1784 1380; x_wconf 85' lang='lat'><strong>[23</strong></span> <span class='ocrx_word' id='word_1_70' title='bbox 1803 1331 1828 1369; x_wconf 85' lang='lat' dir='ltr'>J</span> <span class='ocrx_word' id='word_1_71' title='bbox 1833 1343 1895 1369; x_wconf 93' lang='lat' dir='ltr'><strong>un.</strong></span> <span class='ocrx_word' id='word_1_72' title='bbox 1918 1330 2050 1383; x_wconf 85' lang='lat'><strong>1600.]</strong></span> 
     </span>
    </p>

    <p class='ocr_par' dir='ltr' id='par_1_19' title="bbox 570 1453 2198 1508">
     <span class='ocr_line' id='line_1_22' title="bbox 570 1453 2198 1508; baseline 0.002 -17"><span class='ocrx_word' id='word_1_73' title='bbox 570 1454 873 1492; x_wconf 83' lang='lat' dir='ltr'><strong>Instrumentum</strong></span> <span class='ocrx_word' id='word_1_74' title='bbox 895 1453 1067 1492; x_wconf 87' lang='lat' dir='ltr'><strong>Saisinae</strong></span> <span class='ocrx_word' id='word_1_75' title='bbox 1088 1455 1126 1491; x_wconf 90' lang='lat' dir='ltr'><strong>in</strong></span> <span class='ocrx_word' id='word_1_76' title='bbox 1145 1454 1317 1492; x_wconf 87' lang='lat' dir='ltr'><strong>favorem</strong></span> <span class='ocrx_word' id='word_1_77' title='bbox 1348 1454 1528 1492; x_wconf 89' lang='lat' dir='ltr'><strong>Richardi</strong></span> <span class='ocrx_word' id='word_1_78' title='bbox 1549 1455 1757 1504; x_wconf 90' lang='lat' dir='ltr'><strong>Chepman.</strong></span> <span class='ocrx_word' id='word_1_79' title='bbox 1815 1454 1896 1507; x_wconf 88' lang='lat'><strong>[16.</strong></span> <span class='ocrx_word' id='word_1_80' title='bbox 1917 1457 2002 1494; x_wconf 81' lang='lat' dir='ltr'><strong>Mar</strong></span> <span class='ocrx_word' id='word_1_81' title='bbox 2022 1456 2198 1508; x_wconf 81' lang='lat'><strong>1602-3.]</strong></span> 
     </span>
    </p>
   </div>
   <div class='ocr_carea' id='block_1_19' title="bbox 574 1579 2506 1695">
    <p class='ocr_par' dir='ltr' id='par_1_20' title="bbox 574 1579 2506 1695">
     <span class='ocr_line' id='line_1_23' title="bbox 574 1579 2506 1631; baseline 0.002 -14"><span class='ocrx_word' id='word_1_82' title='bbox 574 1579 833 1629; x_wconf 85' lang='lat' dir='ltr'><strong>Procuratory</strong></span> <span class='ocrx_word' id='word_1_83' title='bbox 853 1580 899 1617; x_wconf 87' lang='lat' dir='ltr'><strong>of</strong></span> <span class='ocrx_word' id='word_1_84' title='bbox 922 1579 1174 1630; x_wconf 88' lang='lat' dir='ltr'><strong>Resignation</strong></span> <span class='ocrx_word' id='word_1_85' title='bbox 1194 1580 1246 1630; x_wconf 90' lang='lat' dir='ltr'><strong>by</strong></span> <span class='ocrx_word' id='word_1_86' title='bbox 1267 1580 1436 1618; x_wconf 90' lang='lat' dir='ltr'><strong>Mathow</strong></span> <span class='ocrx_word' id='word_1_87' title='bbox 1458 1580 1668 1630; x_wconf 88' lang='lat' dir='ltr'><strong>Hepburne</strong></span> <span class='ocrx_word' id='word_1_88' title='bbox 1686 1581 1858 1631; x_wconf 85' lang='lat' dir='ltr'><strong>chaplain</strong></span> <span class='ocrx_word' id='word_1_89' title='bbox 1879 1582 1924 1620; x_wconf 83' lang='lat' dir='ltr'><strong>of</strong></span> <span class='ocrx_word' id='word_1_90' title='bbox 1939 1582 2093 1622; x_wconf 90' lang='lat' dir='ltr'><strong>Caldem</strong></span> <span class='ocrx_word' id='word_1_91' title='bbox 2112 1584 2150 1620; x_wconf 88' lang='lat' dir='ltr'><strong>in</strong></span> <span class='ocrx_word' id='word_1_92' title='bbox 2170 1583 2305 1622; x_wconf 82' lang='lat' dir='ltr'><strong>favour</strong></span> <span class='ocrx_word' id='word_1_93' title='bbox 2324 1584 2368 1622; x_wconf 84' lang='lat' dir='ltr'><strong>of</strong></span> <span class='ocrx_word' id='word_1_94' title='bbox 2393 1586 2506 1622; x_wconf 81' lang='lat' dir='ltr'><strong>Alex-</strong></span> 
     </span>
     <span class='ocr_line' id='line_1_24' title="bbox 673 1640 1481 1695; baseline 0.001 -15"><span class='ocrx_word' id='word_1_95' title='bbox 673 1642 793 1680; x_wconf 85' lang='lat' dir='ltr'><strong>ander</strong></span> <span class='ocrx_word' id='word_1_96' title='bbox 812 1642 1091 1693; x_wconf 85' lang='lat' dir='ltr'><strong>Levingstoun.</strong></span> <span class='ocrx_word' id='word_1_97' title='bbox 1149 1640 1190 1694; x_wconf 89' lang='lat'><strong>[1</strong></span> <span class='ocrx_word' id='word_1_98' title='bbox 1213 1644 1327 1692; x_wconf 86' lang='lat' dir='ltr'><strong>April</strong></span> <span class='ocrx_word' id='word_1_99' title='bbox 1350 1641 1481 1695; x_wconf 84' lang='lat'><strong>1603.]</strong></span> 
     </span>
    </p>
   </div>
   <div class='ocr_carea' id='block_1_20' title="bbox 574 1769 2505 1887">
    <p class='ocr_par' dir='ltr' id='par_1_21' title="bbox 574 1769 2505 1887">
     <span class='ocr_line' id='line_1_25' title="bbox 574 1769 2505 1822; baseline 0.002 -14"><span class='ocrx_word' id='word_1_100' title='bbox 574 1769 691 1809; x_wconf 86' lang='lat' dir='ltr'><strong>Carta</strong></span> <span class='ocrx_word' id='word_1_101' title='bbox 710 1781 894 1807; x_wconf 87' lang='lat' dir='ltr'><strong>concessa</strong></span> <span class='ocrx_word' id='word_1_102' title='bbox 912 1782 983 1819; x_wconf 85' lang='lat' dir='ltr'><strong>per</strong></span> <span class='ocrx_word' id='word_1_103' title='bbox 1000 1770 1189 1809; x_wconf 86' lang='lat' dir='ltr'><strong>Jacobum</strong></span> <span class='ocrx_word' id='word_1_104' title='bbox 1212 1770 1381 1820; x_wconf 87' lang='lat' dir='ltr'><strong>Ramsay</strong></span> <span class='ocrx_word' id='word_1_105' title='bbox 1401 1770 1616 1808; x_wconf 81' lang='lat' dir='ltr'><strong>ministrum</strong></span> <span class='ocrx_word' id='word_1_106' title='bbox 1636 1771 1824 1820; x_wconf 85' lang='lat' dir='ltr'><strong>evangelii</strong></span> <span class='ocrx_word' id='word_1_107' title='bbox 1845 1771 1944 1821; x_wconf 83' lang='lat' dir='ltr'><strong>apud</strong></span> <span class='ocrx_word' id='word_1_108' title='bbox 1973 1771 2197 1822; x_wconf 85' lang='lat' dir='ltr'><strong>Tannadyss</strong></span> <span class='ocrx_word' id='word_1_109' title='bbox 2216 1786 2302 1812; x_wconf 89' lang='lat' dir='ltr'><strong>cum</strong></span> <span class='ocrx_word' id='word_1_110' title='bbox 2321 1786 2505 1812; x_wconf 88' lang='lat' dir='ltr'><strong>consensu</strong></span> 
     </span>
     <span class='ocr_line' id='line_1_26' title="bbox 674 1831 2040 1887; baseline 0.004 -18"><span class='ocrx_word' id='word_1_111' title='bbox 674 1844 838 1882; x_wconf 87' lang='lat' dir='ltr'><strong>sponsae</strong></span> <span class='ocrx_word' id='word_1_112' title='bbox 857 1845 948 1871; x_wconf 83' lang='lat' dir='ltr'><strong>suae</strong></span> <span class='ocrx_word' id='word_1_113' title='bbox 969 1833 1142 1884; x_wconf 89' lang='lat' dir='ltr'><strong>Georgio</strong></span> <span class='ocrx_word' id='word_1_114' title='bbox 1162 1834 1339 1883; x_wconf 87' lang='lat' dir='ltr'><strong>Symmer</strong></span> <span class='ocrx_word' id='word_1_115' title='bbox 1357 1834 1404 1871; x_wconf 90' lang='lat' dir='ltr'><strong>de</strong></span> <span class='ocrx_word' id='word_1_116' title='bbox 1427 1833 1650 1882; x_wconf 84' lang='lat' dir='ltr'><strong>Balzordye.</strong></span> <span class='ocrx_word' id='word_1_117' title='bbox 1707 1831 1776 1884; x_wconf 91' lang='grc'><strong>[14</strong></span> <span class='ocrx_word' id='word_1_118' title='bbox 1797 1836 1884 1884; x_wconf 92' lang='lat' dir='ltr'><strong>Sep.</strong></span> <span class='ocrx_word' id='word_1_119' title='bbox 1907 1834 2040 1887; x_wconf 89' lang='grc'><strong>1603.]</strong></span> 
     </span>
    </p>
   </div>
   <div class='ocr_carea' id='block_1_21' title="bbox 578 1956 2007 2013">
    <p class='ocr_par' dir='ltr' id='par_1_22' title="bbox 578 1956 2007 2013">
     <span class='ocr_line' id='line_1_27' title="bbox 578 1956 2007 2013; baseline 0.002 -16"><span class='ocrx_word' id='word_1_120' title='bbox 578 1959 840 2009; x_wconf 83' lang='lat' dir='ltr'><strong>Procuratory</strong></span> <span class='ocrx_word' id='word_1_121' title='bbox 859 1959 905 1996; x_wconf 85' lang='lat' dir='ltr'><strong>of</strong></span> <span class='ocrx_word' id='word_1_122' title='bbox 928 1958 1180 2010; x_wconf 85' lang='lat' dir='ltr'><strong>Resignation</strong></span> <span class='ocrx_word' id='word_1_123' title='bbox 1199 1959 1396 2009; x_wconf 81' lang='lat' dir='ltr'><strong>following</strong></span> <span class='ocrx_word' id='word_1_124' title='bbox 1415 1959 1587 1997; x_wconf 84' lang='lat' dir='ltr'><strong>thereon.</strong></span> <span class='ocrx_word' id='word_1_125' title='bbox 1643 1956 1660 2010; x_wconf 91' lang='lat'>[</span> <span class='ocrx_word' id='word_1_126' title='bbox 1768 1960 1854 2009; x_wconf 86' lang='lat' dir='ltr'><strong>Sep.</strong></span> <span class='ocrx_word' id='word_1_127' title='bbox 1876 1959 2007 2013; x_wconf 86' lang='grc'><strong>1603.]</strong></span> 
     </span>
    </p>
   </div>
   <div class='ocr_carea' id='block_1_22' title="bbox 570 2084 2503 2200">
    <p class='ocr_par' dir='ltr' id='par_1_23' title="bbox 570 2084 2503 2200">
     <span class='ocr_line' id='line_1_28' title="bbox 570 2084 2503 2135; baseline -0.001 -11"><span class='ocrx_word' id='word_1_128' title='bbox 570 2086 874 2125; x_wconf 83' lang='lat' dir='ltr'><strong>Instrumentum</strong></span> <span class='ocrx_word' id='word_1_129' title='bbox 895 2085 1066 2124; x_wconf 85' lang='lat' dir='ltr'><strong>Saisinae</strong></span> <span class='ocrx_word' id='word_1_130' title='bbox 1085 2098 1200 2134; x_wconf 86' lang='lat' dir='ltr'><strong>super</strong></span> <span class='ocrx_word' id='word_1_131' title='bbox 1217 2086 1476 2134; x_wconf 83' lang='lat' dir='ltr'><strong>resignatione</strong></span> <span class='ocrx_word' id='word_1_132' title='bbox 1493 2084 1596 2123; x_wconf 84' lang='lat' dir='ltr'><strong>faeta</strong></span> <span class='ocrx_word' id='word_1_133' title='bbox 1614 2098 1683 2134; x_wconf 85' lang='lat' dir='ltr'><strong>per</strong></span> <span class='ocrx_word' id='word_1_134' title='bbox 1702 2085 1958 2124; x_wconf 86' lang='lat' dir='ltr'><strong>Elizabetham</strong></span> <span class='ocrx_word' id='word_1_135' title='bbox 1979 2086 2114 2135; x_wconf 81' lang='lat' dir='ltr'><strong>Lyoun</strong></span> <span class='ocrx_word' id='word_1_136' title='bbox 2135 2087 2173 2123; x_wconf 91' lang='lat' dir='ltr'><strong>in</strong></span> <span class='ocrx_word' id='word_1_137' title='bbox 2191 2085 2361 2125; x_wconf 83' lang='lat' dir='ltr'><strong>favorem</strong></span> <span class='ocrx_word' id='word_1_138' title='bbox 2380 2086 2503 2123; x_wconf 88' lang='lat' dir='ltr'><strong>David</strong></span> 
     </span>
     <span class='ocr_line' id='line_1_29' title="bbox 676 2147 1626 2200; baseline -0.001 -13"><span class='ocrx_word' id='word_1_139' title='bbox 676 2149 884 2199; x_wconf 86' lang='lat' dir='ltr'><strong>Lyndesay</strong></span> <span class='ocrx_word' id='word_1_140' title='bbox 903 2150 962 2187; x_wconf 88' lang='lat' dir='ltr'><strong>sui</strong></span> <span class='ocrx_word' id='word_1_141' title='bbox 981 2149 1106 2187; x_wconf 83' lang='lat' dir='ltr'><strong>mariti</strong></span> <span class='ocrx_word' id='word_1_142' title='bbox 1123 2149 1255 2188; x_wconf 84' lang='lat' dir='ltr'><strong>futuri.</strong></span> <span class='ocrx_word' id='word_1_143' title='bbox 1311 2147 1354 2200; x_wconf 86' lang='lat'><strong>[6</strong></span> <span class='ocrx_word' id='word_1_144' title='bbox 1377 2150 1464 2197; x_wconf 91' lang='lat' dir='ltr'><strong>Sep.</strong></span> <span class='ocrx_word' id='word_1_145' title='bbox 1496 2147 1626 2200; x_wconf 62' lang='lat'>1605]</span> 
     </span>
    </p>
   </div>
   <div class='ocr_carea' id='block_1_23' title="bbox 577 2274 2553 2455">
    <p class='ocr_par' dir='ltr' id='par_1_24' title="bbox 577 2274 2553 2455">
     <span class='ocr_line' id='line_1_30' title="bbox 577 2274 2502 2326; baseline -0.002 -12"><span class='ocrx_word' id='word_1_146' title='bbox 577 2277 694 2315; x_wconf 84' lang='lat' dir='ltr'><strong>Carta.</strong></span> <span class='ocrx_word' id='word_1_147' title='bbox 719 2289 901 2315; x_wconf 87' lang='lat' dir='ltr'><strong>concessa</strong></span> <span class='ocrx_word' id='word_1_148' title='bbox 930 2289 999 2326; x_wconf 84' lang='lat' dir='ltr'><strong>per</strong></span> <span class='ocrx_word' id='word_1_149' title='bbox 1027 2275 1261 2314; x_wconf 85' lang='lat' dir='ltr'><strong>antedictum</strong></span> <span class='ocrx_word' id='word_1_150' title='bbox 1293 2275 1526 2313; x_wconf 90' lang='lat' dir='ltr'><strong>Willelmum</strong></span> <span class='ocrx_word' id='word_1_151' title='bbox 1560 2274 1780 2313; x_wconf 83' lang='lat' dir='ltr'><strong>Fullartoun</strong></span> <span class='ocrx_word' id='word_1_152' title='bbox 1809 2274 1857 2312; x_wconf 90' lang='lat' dir='ltr'><strong>de</strong></span> <span class='ocrx_word' id='word_1_153' title='bbox 1886 2274 1992 2312; x_wconf 84' lang='lat' dir='ltr'><strong>Ardo</strong></span> <span class='ocrx_word' id='word_1_154' title='bbox 2019 2287 2104 2313; x_wconf 88' lang='lat' dir='ltr'><strong>cum</strong></span> <span class='ocrx_word' id='word_1_155' title='bbox 2134 2287 2318 2313; x_wconf 89' lang='lat' dir='ltr'><strong>consensu</strong></span> <span class='ocrx_word' id='word_1_156' title='bbox 2346 2275 2502 2324; x_wconf 83' lang='lat' dir='ltr'><strong>praefati</strong></span> 
     </span>
     <span class='ocr_line' id='line_1_31' title="bbox 675 2333 2553 2388; baseline -0.002 -11"><span class='ocrx_word' id='word_1_157' title='bbox 675 2339 885 2378; x_wconf 86' lang='lat' dir='ltr'><strong>Alexandri</strong></span> <span class='ocrx_word' id='word_1_158' title='bbox 935 2339 1102 2388; x_wconf 85' lang='lat' dir='ltr'><strong>Ramsay</strong></span> <span class='ocrx_word' id='word_1_159' title='bbox 1151 2339 1308 2376; x_wconf 91' lang='lat' dir='ltr'><strong>Ballivis</strong></span> <span class='ocrx_word' id='word_1_160' title='bbox 1347 2338 1576 2377; x_wconf 86' lang='lat' dir='ltr'><strong>Consulibus</strong></span> <span class='ocrx_word' id='word_1_161' title='bbox 1611 2344 1652 2376; x_wconf 84' lang='lat' dir='ltr'><strong>et</strong></span> <span class='ocrx_word' id='word_1_162' title='bbox 1689 2337 1959 2376; x_wconf 86' lang='lat' dir='ltr'><strong>Communitati</strong></span> <span class='ocrx_word' id='word_1_163' title='bbox 2005 2338 2182 2377; x_wconf 82' lang='lat' dir='ltr'><strong>Civitatis</strong></span> <span class='ocrx_word' id='word_1_164' title='bbox 2224 2338 2500 2376; x_wconf 87' lang='lat' dir='ltr'><strong>Brechinensis.</strong></span> <span class='ocrx_word' id='word_1_165' title='bbox 2546 2333 2553 2338; x_wconf 80' lang='lat'>&#39;</span> 
     </span>
     <span class='ocr_line' id='line_1_32' title="bbox 673 2399 1553 2455; baseline -0.001 -15"><span class='ocrx_word' id='word_1_166' title='bbox 673 2399 740 2454; x_wconf 88' lang='lat'><strong>[31</strong></span> <span class='ocrx_word' id='word_1_167' title='bbox 766 2403 854 2441; x_wconf 91' lang='lat' dir='ltr'><strong>Oct.</strong></span> <span class='ocrx_word' id='word_1_168' title='bbox 876 2401 1009 2455; x_wconf 64' lang='lat'>1605]</span> <span class='ocrx_word' id='word_1_169' title='bbox 1549 2399 1553 2401; x_wconf 74' lang='grc'><strong>’</strong></span> 
     </span>
    </p>
   </div>
   <div class='ocr_carea' id='block_1_24' title="bbox 570 2525 2499 2707">
    <p class='ocr_par' dir='ltr' id='par_1_25' title="bbox 570 2525 2499 2707">
     <span class='ocr_line' id='line_1_33' title="bbox 570 2525 2495 2579; baseline -0.003 -12"><span class='ocrx_word' id='word_1_170' title='bbox 570 2529 686 2568; x_wconf 87' lang='lat' dir='ltr'><strong>Carta</strong></span> <span class='ocrx_word' id='word_1_171' title='bbox 712 2541 897 2567; x_wconf 84' lang='lat' dir='ltr'><strong>concessa</strong></span> <span class='ocrx_word' id='word_1_172' title='bbox 923 2542 992 2579; x_wconf 83' lang='lat' dir='ltr'><strong>per</strong></span> <span class='ocrx_word' id='word_1_173' title='bbox 1019 2529 1230 2567; x_wconf 78' lang='lat' dir='ltr'><strong>antedictos</strong></span> <span class='ocrx_word' id='word_1_174' title='bbox 1263 2528 1495 2567; x_wconf 82' lang='lat' dir='ltr'><strong>willelmum</strong></span> <span class='ocrx_word' id='word_1_175' title='bbox 1524 2526 1553 2563; x_wconf 94' lang='lat' dir='ltr'>F</span> <span class='ocrx_word' id='word_1_176' title='bbox 1558 2527 1743 2564; x_wconf 84' lang='lat' dir='ltr'><strong>ullartoun</strong></span> <span class='ocrx_word' id='word_1_177' title='bbox 1771 2526 1819 2564; x_wconf 90' lang='lat' dir='ltr'><strong>de</strong></span> <span class='ocrx_word' id='word_1_178' title='bbox 1846 2525 1952 2563; x_wconf 92' lang='lat' dir='ltr'><strong>Ardo</strong></span> <span class='ocrx_word' id='word_1_179' title='bbox 1978 2531 2017 2563; x_wconf 85' lang='lat' dir='ltr'><strong>et</strong></span> <span class='ocrx_word' id='word_1_180' title='bbox 2044 2525 2301 2563; x_wconf 84' lang='lat' dir='ltr'><strong>Alexandrum</strong></span> <span class='ocrx_word' id='word_1_181' title='bbox 2330 2525 2495 2573; x_wconf 82' lang='lat' dir='ltr'><strong>Ramsay</strong></span> 
     </span>
     <span class='ocr_line' id='line_1_34' title="bbox 673 2586 2499 2639; baseline -0.003 -9"><span class='ocrx_word' id='word_1_182' title='bbox 673 2605 760 2631; x_wconf 90' lang='lat' dir='ltr'><strong>cum</strong></span> <span class='ocrx_word' id='word_1_183' title='bbox 793 2605 982 2631; x_wconf 83' lang='lat' dir='ltr'><strong>consensu</strong></span> <span class='ocrx_word' id='word_1_184' title='bbox 1013 2593 1222 2631; x_wconf 83' lang='lat' dir='ltr'><strong>Alexandri</strong></span> <span class='ocrx_word' id='word_1_185' title='bbox 1257 2591 1524 2630; x_wconf 87' lang='lat' dir='ltr'><strong>Brechinensis</strong></span> <span class='ocrx_word' id='word_1_186' title='bbox 1552 2586 1731 2639; x_wconf 87' lang='lat' dir='ltr'><strong>Episcopi</strong></span> <span class='ocrx_word' id='word_1_187' title='bbox 1768 2588 1970 2638; x_wconf 86' lang='lat' dir='ltr'><strong>praedictis</strong></span> <span class='ocrx_word' id='word_1_188' title='bbox 2009 2588 2165 2626; x_wconf 84' lang='lat' dir='ltr'><strong>Ballivis</strong></span> <span class='ocrx_word' id='word_1_189' title='bbox 2197 2587 2424 2626; x_wconf 79' lang='lat' dir='ltr'><strong>Consulibus</strong></span> <span class='ocrx_word' id='word_1_190' title='bbox 2460 2594 2499 2624; x_wconf 80' lang='lat' dir='ltr'><strong>et</strong></span> 
     </span>
     <span class='ocr_line' id='line_1_35' title="bbox 670 2652 1604 2707; baseline -0.007 -12"><span class='ocrx_word' id='word_1_191' title='bbox 670 2655 959 2695; x_wconf 75' lang='lat' dir='ltr'><strong>Communitati.</strong></span> <span class='ocrx_word' id='word_1_192' title='bbox 1017 2652 1083 2707; x_wconf 90' lang='lat'><strong>[31</strong></span> <span class='ocrx_word' id='word_1_193' title='bbox 1108 2656 1197 2694; x_wconf 82' lang='lat' dir='ltr'><strong>Oct.</strong></span> <span class='ocrx_word' id='word_1_194' title='bbox 1217 2662 1256 2693; x_wconf 87' lang='lat' dir='ltr'><strong>et</strong></span> <span class='ocrx_word' id='word_1_195' title='bbox 1277 2655 1325 2692; x_wconf 86' lang='lat'><strong>14</strong></span> <span class='ocrx_word' id='word_1_196' title='bbox 1349 2655 1450 2693; x_wconf 89' lang='lat' dir='ltr'><strong>Nov.</strong></span> <span class='ocrx_word' id='word_1_197' title='bbox 1474 2652 1604 2706; x_wconf 85' lang='lat'><strong>1605.]</strong></span> 
     </span>
    </p>
   </div>
   <div class='ocr_carea' id='block_1_25' title="bbox 569 2773 2495 2899">
    <p class='ocr_par' dir='ltr' id='par_1_26' title="bbox 569 2773 2495 2899">
     <span class='ocr_line' id='line_1_36' title="bbox 569 2773 2495 2832; baseline -0.005 -10"><span class='ocrx_word' id='word_1_198' title='bbox 569 2783 658 2822; x_wconf 84' lang='lat' dir='ltr'><strong>Gift</strong></span> <span class='ocrx_word' id='word_1_199' title='bbox 684 2783 737 2832; x_wconf 87' lang='lat' dir='ltr'><strong>by</strong></span> <span class='ocrx_word' id='word_1_200' title='bbox 756 2783 889 2822; x_wconf 86' lang='lat' dir='ltr'><strong>James</strong></span> <span class='ocrx_word' id='word_1_201' title='bbox 909 2783 980 2822; x_wconf 88' lang='lat' dir='ltr'><strong>VI.</strong></span> <span class='ocrx_word' id='word_1_202' title='bbox 1001 2789 1041 2822; x_wconf 84' lang='lat' dir='ltr'><strong>to</strong></span> <span class='ocrx_word' id='word_1_203' title='bbox 1061 2782 1283 2822; x_wconf 84' lang='lat' dir='ltr'><strong>Alexander</strong></span> <span class='ocrx_word' id='word_1_204' title='bbox 1313 2782 1576 2832; x_wconf 86' lang='lat' dir='ltr'><strong>Levingstoun</strong></span> <span class='ocrx_word' id='word_1_205' title='bbox 1595 2778 1641 2817; x_wconf 87' lang='lat' dir='ltr'><strong>of</strong></span> <span class='ocrx_word' id='word_1_206' title='bbox 1667 2779 1730 2817; x_wconf 89' lang='lat' dir='ltr'><strong>the</strong></span> <span class='ocrx_word' id='word_1_207' title='bbox 1759 2777 1991 2827; x_wconf 83' lang='lat' dir='ltr'><strong>Chaplainry</strong></span> <span class='ocrx_word' id='word_1_208' title='bbox 2019 2777 2063 2814; x_wconf 84' lang='lat' dir='ltr'><strong>of</strong></span> <span class='ocrx_word' id='word_1_209' title='bbox 2087 2777 2254 2816; x_wconf 86' lang='lat' dir='ltr'><strong>Caldem.</strong></span> <span class='ocrx_word' id='word_1_210' title='bbox 2309 2773 2376 2828; x_wconf 90' lang='lat'><strong>[13</strong></span> <span class='ocrx_word' id='word_1_211' title='bbox 2395 2777 2495 2815; x_wconf 82' lang='lat' dir='ltr'><strong>June</strong></span> 
     </span>
     <span class='ocr_line' id='line_1_37' title="bbox 671 2845 1915 2899; baseline -0.009 -15"><span class='ocrx_word' id='word_1_212' title='bbox 671 2845 808 2899; x_wconf 84' lang='lat'><strong>1607.]</strong></span> <span class='ocrx_word' id='word_1_213' title='bbox 1910 2868 1915 2873; x_wconf 87' lang='lat'><strong>.</strong></span> 
     </span>
    </p>
   </div>
   <div class='ocr_carea' id='block_1_26' title="bbox 569 2965 2491 3096">
    <p class='ocr_par' dir='ltr' id='par_1_27' title="bbox 569 2965 2491 3096">
     <span class='ocr_line' id='line_1_38' title="bbox 569 2965 2491 3023; baseline -0.012 1"><span class='ocrx_word' id='word_1_214' title='bbox 569 2985 753 3023; x_wconf 88' lang='lat' dir='ltr'><strong>Contract</strong></span> <span class='ocrx_word' id='word_1_215' title='bbox 779 2982 825 3022; x_wconf 79' lang='lat' dir='ltr'><strong>of</strong></span> <span class='ocrx_word' id='word_1_216' title='bbox 849 2980 934 3020; x_wconf 87' lang='lat' dir='ltr'><strong>Sale</strong></span> <span class='ocrx_word' id='word_1_217' title='bbox 962 2977 1007 3016; x_wconf 87' lang='lat' dir='ltr'><strong>of</strong></span> <span class='ocrx_word' id='word_1_218' title='bbox 1028 2977 1093 3015; x_wconf 87' lang='lat' dir='ltr'><strong>the</strong></span> <span class='ocrx_word' id='word_1_219' title='bbox 1121 2974 1320 3014; x_wconf 88' lang='lat' dir='ltr'><strong>Mansions</strong></span> <span class='ocrx_word' id='word_1_220' title='bbox 1347 2971 1391 3009; x_wconf 84' lang='lat' dir='ltr'><strong>of</strong></span> <span class='ocrx_word' id='word_1_221' title='bbox 1413 2970 1478 3009; x_wconf 80' lang='lat' dir='ltr'><strong>the</strong></span> <span class='ocrx_word' id='word_1_222' title='bbox 1508 2969 1675 3007; x_wconf 86' lang='lat' dir='ltr'><strong>Chantor</strong></span> <span class='ocrx_word' id='word_1_223' title='bbox 1701 2967 1774 3004; x_wconf 90' lang='lat' dir='ltr'><strong>and</strong></span> <span class='ocrx_word' id='word_1_224' title='bbox 1805 2966 2028 3005; x_wconf 87' lang='lat' dir='ltr'><strong>Chancellor</strong></span> <span class='ocrx_word' id='word_1_225' title='bbox 2056 2965 2100 3003; x_wconf 85' lang='lat' dir='ltr'><strong>of</strong></span> <span class='ocrx_word' id='word_1_226' title='bbox 2124 2965 2286 3003; x_wconf 89' lang='lat' dir='ltr'><strong>Brechin</strong></span> <span class='ocrx_word' id='word_1_227' title='bbox 2315 2972 2354 3002; x_wconf 90' lang='lat' dir='ltr'><strong>to</strong></span> <span class='ocrx_word' id='word_1_228' title='bbox 2382 2965 2427 3002; x_wconf 91' lang='lat' dir='ltr'><strong>be</strong></span> <span class='ocrx_word' id='word_1_229' title='bbox 2447 2977 2491 3002; x_wconf 91' lang='lat' dir='ltr'><strong>an</strong></span> 
     </span>
     <span class='ocr_line' id='line_1_39' title="bbox 670 3028 1812 3096; baseline -0.018 -10"><span class='ocrx_word' id='word_1_230' title='bbox 670 3046 849 3096; x_wconf 84' lang='lat' dir='ltr'><strong>Hospital</strong></span> <span class='ocrx_word' id='word_1_231' title='bbox 867 3045 928 3082; x_wconf 84' lang='lat' dir='ltr'><strong>for</strong></span> <span class='ocrx_word' id='word_1_232' title='bbox 946 3043 1011 3080; x_wconf 85' lang='lat' dir='ltr'><strong>the</strong></span> <span class='ocrx_word' id='word_1_233' title='bbox 1029 3052 1124 3090; x_wconf 85' lang='lat' dir='ltr'><strong>poor</strong></span> <span class='ocrx_word' id='word_1_234' title='bbox 1142 3038 1186 3076; x_wconf 87' lang='lat' dir='ltr'><strong>of</strong></span> <span class='ocrx_word' id='word_1_235' title='bbox 1201 3036 1281 3075; x_wconf 89' lang='lat' dir='ltr'><strong>said</strong></span> <span class='ocrx_word' id='word_1_236' title='bbox 1302 3035 1403 3084; x_wconf 88' lang='lat' dir='ltr'><strong>City.</strong></span> <span class='ocrx_word' id='word_1_237' title='bbox 1458 3030 1528 3084; x_wconf 84' lang='lat'><strong>[20</strong></span> <span class='ocrx_word' id='word_1_238' title='bbox 1549 3031 1659 3080; x_wconf 88' lang='lat' dir='ltr'><strong>April</strong></span> <span class='ocrx_word' id='word_1_239' title='bbox 1680 3028 1812 3081; x_wconf 86' lang='lat'><strong>1608.]</strong></span> 
     </span>
    </p>
   </div>
   <div class='ocr_carea' id='block_1_27' title="bbox 303 3152 2490 3219">
    <p class='ocr_par' dir='ltr' id='par_1_28' title="bbox 303 3152 2490 3219">
     <span class='ocr_line' id='line_1_40' title="bbox 303 3152 2490 3219; baseline -0.009 -12"><span class='ocrx_word' id='word_1_240' title='bbox 303 3176 506 3216; x_wconf 77' lang='lat' dir='ltr'><strong>CLXXII,</strong></span> <span class='ocrx_word' id='word_1_241' title='bbox 562 3174 679 3214; x_wconf 74' lang='lat' dir='ltr'><strong>Carta</strong></span> <span class='ocrx_word' id='word_1_242' title='bbox 698 3183 880 3211; x_wconf 74' lang='lat' dir='ltr'><strong>concessa</strong></span> <span class='ocrx_word' id='word_1_243' title='bbox 898 3181 966 3219; x_wconf 85' lang='lat' dir='ltr'><strong>per</strong></span> <span class='ocrx_word' id='word_1_244' title='bbox 984 3165 1218 3205; x_wconf 81' lang='lat' dir='ltr'><strong>antedictum</strong></span> <span class='ocrx_word' id='word_1_245' title='bbox 1239 3161 1448 3210; x_wconf 85' lang='lat' dir='ltr'><strong>Georgium</strong></span> <span class='ocrx_word' id='word_1_246' title='bbox 1470 3158 1644 3207; x_wconf 86' lang='lat' dir='ltr'><strong>Symmer</strong></span> <span class='ocrx_word' id='word_1_247' title='bbox 1662 3156 1849 3194; x_wconf 88' lang='lat' dir='ltr'><strong>seniorem</strong></span> <span class='ocrx_word' id='word_1_248' title='bbox 1861 3154 1909 3193; x_wconf 91' lang='lat' dir='ltr'><strong>de</strong></span> <span class='ocrx_word' id='word_1_249' title='bbox 1926 3153 2122 3193; x_wconf 76' lang='lat' dir='ltr'><strong>BalzordIe</strong></span> <span class='ocrx_word' id='word_1_250' title='bbox 2139 3153 2278 3191; x_wconf 81' lang='lat' dir='ltr'><strong>Joanni</strong></span> <span class='ocrx_word' id='word_1_251' title='bbox 2295 3152 2490 3190; x_wconf 72' lang='lat' dir='ltr'><strong>Mortimeu·</strong></span> 
     </span>
    </p>
   </div>
   <div class='ocr_carea' id='block_1_28' title="bbox 287 3365 508 3405">
    <p class='ocr_par' dir='ltr' id='par_1_29' title="bbox 287 3365 508 3405">
     <span class='ocr_line' id='line_1_41' title="bbox 287 3365 508 3405; baseline -0.014 0"><span class='ocrx_word' id='word_1_252' title='bbox 287 3365 508 3405; x_wconf 87' lang='lat' dir='ltr'><strong>CLXXIII.</strong></span> 
     </span>
    </p>
   </div>
   <div class='ocr_carea' id='block_1_29' title="bbox 665 3222 1379 3287">
    <p class='ocr_par' dir='ltr' id='par_1_30' title="bbox 665 3222 1379 3287">
     <span class='ocr_line' id='line_1_42' title="bbox 665 3222 1379 3287; baseline -0.021 -12"><span class='ocrx_word' id='word_1_253' title='bbox 665 3237 825 3287; x_wconf 85' lang='lat' dir='ltr'><strong>ejusque</strong></span> <span class='ocrx_word' id='word_1_254' title='bbox 845 3233 1012 3283; x_wconf 87' lang='lat' dir='ltr'><strong>conjugi.</strong></span> <span class='ocrx_word' id='word_1_255' title='bbox 1069 3226 1110 3280; x_wconf 90' lang='lat'><strong>[1</strong></span> <span class='ocrx_word' id='word_1_256' title='bbox 1132 3227 1225 3266; x_wconf 86' lang='lat' dir='ltr'><strong>Maii</strong></span> <span class='ocrx_word' id='word_1_257' title='bbox 1247 3222 1379 3274; x_wconf 86' lang='lat'><strong>1608.]</strong></span> 
     </span>
    </p>
   </div>
   <div class='ocr_carea' id='block_1_30' title="bbox 565 3330 1844 3410">
    <p class='ocr_par' dir='ltr' id='par_1_31' title="bbox 565 3330 1844 3410">
     <span class='ocr_line' id='line_1_43' title="bbox 565 3330 1844 3410; baseline -0.018 -7"><span class='ocrx_word' id='word_1_258' title='bbox 565 3363 823 3410; x_wconf 84' lang='lat' dir='ltr'><strong>Procuratory</strong></span> <span class='ocrx_word' id='word_1_259' title='bbox 842 3359 887 3398; x_wconf 85' lang='lat' dir='ltr'><strong>of</strong></span> <span class='ocrx_word' id='word_1_260' title='bbox 902 3355 1154 3408; x_wconf 87' lang='lat' dir='ltr'><strong>Resignation</strong></span> <span class='ocrx_word' id='word_1_261' title='bbox 1173 3351 1369 3400; x_wconf 84' lang='lat' dir='ltr'><strong>following</strong></span> <span class='ocrx_word' id='word_1_262' title='bbox 1388 3349 1544 3387; x_wconf 86' lang='lat' dir='ltr'><strong>thereon</strong></span> <span class='ocrx_word' id='word_1_263' title='bbox 1564 3345 1609 3384; x_wconf 86' lang='lat' dir='ltr'><strong>of</strong></span> <span class='ocrx_word' id='word_1_264' title='bbox 1623 3330 1725 3383; x_wconf 84' lang='lat' dir='ltr'><strong>same</strong></span> <span class='ocrx_word' id='word_1_265' title='bbox 1744 3343 1844 3381; x_wconf 83' lang='lat' dir='ltr'><strong>date.</strong></span> 
     </span>
    </p>
   </div>
  </div>
 </body>
</html>
