2950 3970
540 634 649 689 136
714 634 1178 691 REGISTRUM
1217 632 1753 692 EPISOOPATUS
1795 608 2382 690 BREOHINENSIS.

537 823 746 871 defuncti
784 827 833 872 et
874 822 1026 887 sigillo
1051 823 1285 871 communi
1323 821 1519 886 capituli
1559 822 1891 872 Brechinensis
1927 823 2239 887 pendentibus
2277 822 2323 868 in
2361 838 2469 869 cera

455 907 460 914 '
538 911 682 959 rubea
718 911 824 959 albe
868 913 1099 975 impressa
1123 911 1308 974 signato
1331 910 1476 958 etiam
1502 910 1684 959 duobus
1706 910 1907 960 notariis
1929 911 1963 958 J
1968 911 2151 960 ohanne
2179 910 2385 959 Brekbel
2419 916 2467 958 et

542 999 730 1062 Roget-0
780 999 1057 1062 Mariscally
1103 1001 1373 1047 statuerunt
1433 997 1594 1062 itaque
1654 999 1857 1062 predicti
1909 1001 2194 1049 reuerendus
2239 1004 2376 1063 pater
2421 1005 2469 1047 et

538 1088 750 1136 canonici
791 1092 839 1135 et
878 1104 964 1151 per
1000 1090 1247 1151 presentes
1284 1089 1502 1134 statuunt
1538 1087 1662 1150 quod
1699 1087 1858 1135 omnia
1897 1087 2114 1151 predicta
2152 1091 2337 1137 statuta
2376 1088 2470 1136 sint

534 1176 708 1224 valoris
743 1176 923 1224 roboris
959 1180 1008 1223 et
1044 1175 1284 1224 firmitatis
1318 1178 1368 1222 et
1404 1175 1528 1224 sicut
1563 1179 1674 1224 sunt
1711 1179 1895 1224 statuta
1929 1176 2177 1240 sequentia
2213 1204 2223 1214 ·
2261 1176 2385 1224 Item
2422 1176 2470 1223 in

537 1265 781 1313 tricesimo
805 1264 1008 1313 articulo
1033 1264 1207 1313 dicitur
1244 1292 1255 1302 ·
1293 1264 1420 1312 Item
1444 1264 1682 1312 statutum
1703 1268 1777 1313 est
1801 1265 1849 1311 in
1872 1264 2116 1333 tricesimo
2151 1265 2276 1328 quod
2311 1264 2359 1311 in
2395 1264 2470 1311 die

538 1353 695 1402 obitus
730 1353 907 1400 domini
947 1352 1153 1400 Walteri
1190 1353 1399 1401 Stewart
1435 1353 1670 1417 quondam
1708 1353 1908 1402 Comitis
1955 1352 2150 1401 Atholie
2192 1352 2368 1400 domini
2411 1354 2470 1400 de

539 1442 774 1489 Brechine
801 1446 849 1489 et
875 1440 1153 1504 Cortoquhy
1190 1469 1199 1479 ·
1239 1441 1305 1489 Et
1329 1441 1474 1490 etiam
1500 1441 1548 1488 in
1573 1441 1650 1489 die
1675 1441 1834 1490 obitus
1856 1442 1891 1489 J
1895 1441 2094 1490 ohannis
2129 1442 2188 1490 de
2224 1441 2471 1490 Crannoch

540 1530 752 1578 moderni
777 1530 986 1593 episcopi
1013 1530 1348 1579 Brechinensis
1370 1531 1485 1579 fient
1508 1530 1817 1594 solempniter
1839 1530 1995 1594 vigilie
2031 1535 2319 1588 mortuorum
2358 1560 2367 1569 ·
2407 1532 2471 1579 Et

538 1619 682 1667 missa
705 1618 960 1682 solempnis
985 1619 1043 1666 de
1067 1618 1276 1682 requiem
1301 1635 1386 1682 per
1403 1619 1675 1683 episcopum
1699 1619 1740 1668 si
1763 1619 1826 1668 sit
1845 1636 2039 1683 presens
2076 1649 2086 1658 ·
2126 1620 2190 1668 Et
2206 1621 2254 1668 in
2273 1621 2374 1669 eius
2391 1621 2473 1668 ab·

538 1708 695 1756 sentia
740 1723 824 1770 per
867 1708 1096 1755 decanum
1143 1723 1236 1771 quo
1282 1707 1478 1756 absente
1519 1723 1604 1771 per
1644 1707 1974 1756 notabiliorem
2022 1709 2298 1764 canonicum
2345 1709 2471 1757 dicte

539 1796 738 1845 ecclesie
758 1790 762 1795 ’
781 1812 887 1843 cum
929 1795 1124 1859 singulis
1164 1795 1423 1859 capellanis
1458 1823 1470 1834 ·
1507 1796 1574 1844 Et
1614 1796 1705 1844 hoc
1751 1797 1878 1844 omni
1924 1813 2049 1844 anno
2097 1797 2145 1844 in
2193 1797 2268 1844 die
2315 1797 2472 1846 obitus

540 1901 701 1932 eorum
739 1912 749 1922 ·
789 1884 855 1932 Et
880 1885 939 1931 ad
961 1884 1089 1932 istud
1114 1884 1380 1932 faciendum
1406 1888 1457 1932 et
1480 1884 1855 1934 interessendum
1879 1885 2221 1949 compellentur
2255 1887 2470 1934 canonici

541 1978 589 2021 et
614 1973 846 2037 capellani
870 1973 1127 2021 secundum
1152 1973 1350 2020 formam
1375 1972 1676 2036 obligationis
1711 1972 1922 2037 episcopi
1958 1974 2126 2022 decani
2150 1978 2199 2022 et
2224 1975 2472 2023 canonico-

543 2079 645 2110 rum
671 2079 760 2126 que
786 2060 1014 2123 obligatio
1038 2060 1246 2124 sigillata
1282 2064 1355 2110 est
1392 2060 1547 2124 sigillo
1572 2061 1691 2109 dicti
1715 2061 1748 2108 J
1753 2061 1952 2110 ohannis
1986 2062 2194 2126 episcopi
2232 2067 2282 2111 et
2319 2063 2470 2127 sigillo

544 2150 779 2198 communi
830 2148 995 2213 sigillis
1042 2149 1186 2197 etiam
1249 2149 1499 2198 Cuthberti
1560 2149 1741 2198 decano
1804 2149 2010 2199 Gilberti
2057 2151 2219 2199 Broun
2265 2153 2472 2201 cantoris

548 2238 750 2287 Galfridi
775 2237 1046 2286 cancellarii
1082 2241 1131 2285 et
1159 2237 1194 2284 J
1197 2237 1395 2286 ohannis
1420 2237 1540 2301 Lyel
1562 2238 1845 2287 thesaurarii
1882 2267 1892 2277 ·
1931 2240 1997 2287 Et
2022 2241 2146 2305 quod
2181 2241 2263 2288 fiet
2297 2241 2471 2289 cotidie

544 2328 770 2375 memoria
816 2341 1042 2390 expressa
1075 2341 1181 2374 cum
1217 2325 1420 2374 collecta
1453 2326 1514 2374 ad
1548 2326 1639 2375 hoc
1673 2326 1869 2390 speciali
1903 2343 1989 2391 per
2021 2328 2279 2391 quemlibet
2319 2330 2474 2393 capel-

545 2416 704 2463 lanum
751 2415 1069 2463 celebrantem
1096 2415 1144 2462 in
1170 2413 1373 2463 ecclesia
1412 2414 1675 2463 cathedrali
1710 2430 1798 2479 pro
1834 2415 2081 2465 animabus
2115 2417 2349 2466 dictorum
2385 2418 2419 2465 J
2424 2435 2473 2467 o-

543 2505 713 2553 hannis
736 2503 946 2567 episcopi
961 2507 1011 2551 et
1031 2502 1238 2551 Walteri
1262 2502 1450 2551 comitis
1471 2518 1529 2550 ac
1547 2502 1691 2551 etiam
1707 2503 1953 2552 animabus
1971 2519 2130 2566 regum
2148 2505 2472 2570 episcoporum

548 2592 878 2641 canonicorum
915 2596 964 2639 et
998 2591 1302 2639 fundatorum
1339 2590 1537 2640 ecclesie
1561 2595 1611 2639 et
1649 2591 1834 2655 collegii
1883 2592 2220 2642 Brechinensis
2265 2595 2471 2643 omnium

550 2681 802 2732 eorundem
827 2679 1181 2727 benefactorum
1205 2683 1254 2728 et
1277 2678 1485 2727 fidelium
1510 2679 1838 2728 defunctorum
1873 2713 1885 2726 .
1923 2679 1990 2727 Et
2024 2681 2148 2743 quod
2184 2682 2390 2731 decanus
2424 2688 2473 2732 et

550 2768 807 2831 capitulum
833 2767 912 2831 qui
937 2768 998 2815 ad
1021 2768 1111 2816 hoc
1134 2771 1244 2816 sunt
1268 2766 1463 2830 obligati
1487 2766 1774 2831 compellant
1808 2783 1974 2817 omnes
2008 2768 2277 2832 capellanos
2299 2771 2359 2818 ad
2383 2772 2473 2820 hoc

551 2856 819 2904 faciendum
860 2855 946 2904 sub
969 2844 1093 2919 pena
1115 2859 1319 2919 quatuor
1341 2855 1638 2904 denariorum
1661 2871 1748 2919 pro
1770 2855 1980 2919 quolibet
2015 2856 2203 2905 defectu
2227 2862 2278 2906 et
2302 2860 2360 2907 de
2383 2860 2474 2909 hoc

548 2944 618 2992 eis
637 2945 855 2991 credatur
872 2959 956 3006 per
967 2943 1287 3005 juramentum
1306 2943 1354 2991 in
1373 2942 1585 3007 quolibet
1607 2943 1807 2992 sabbato
1843 2971 1854 2981 ·
1892 2944 1957 2992 Et
1981 2944 2219 2993 habebunt
2243 2947 2474 3010 capellani

553 3047 759 3080 marcam
784 3032 908 3080 inter
941 3047 991 3080 se
1026 3047 1112 3095 pro
1147 3031 1253 3080 istis
1286 3031 1500 3081 seruiciis
1533 3035 1583 3080 et
1618 3031 1880 3080 memoriali
1910 3037 2142 3096 perpetuo
2179 3034 2226 3081 in
2265 3034 2473 3098 qualibet

553 3120 697 3168 missa
731 3123 784 3166 ut
819 3135 959 3182 supra
993 3119 1220 3183 scriptum
1255 3123 1328 3168 est
1365 3147 1377 3158 ·
1413 3119 1567 3175 Quam
1613 3135 1819 3168 marcam
1853 3119 2006 3169 soluet
2039 3126 2318 3184 procurator
2351 3139 2476 3172 com-

553 3208 709 3255 munis
747 3236 755 3244 -
795 3207 859 3254 Et
886 3207 1012 3255 istud
1037 3211 1266 3255 statutum
1287 3207 1417 3271 prius
1433 3208 1612 3256 factum
1634 3207 1725 3257 fuit
1747 3211 1961 3272 tempore
1985 3209 2216 3257 dictorum
2241 3211 2276 3257 J
2279 3211 2475 3261 ohannis

561 3295 768 3361 episcopi
817 3299 865 3342 et
909 3295 1239 3344 canonicorum
1275 3295 1324 3343 in
1361 3299 1564 3359 quatuor
1609 3295 1916 3360 dignitatibus
1961 3297 2325 3347 constitutorum
2370 3315 2475 3348 cum
