2950 3970
587 648 1052 706 REGISTRUM
1090 652 1624 713 EPISCOPATUS
1666 646 2250 722 BREC'HINENSIS.
2298 669 2403 723 129

480 840 792 903 transumptis
810 842 1179 904 producerentur
1215 872 1225 881 ·
1264 845 1400 893 Unde
1419 862 1505 895 nos
1521 847 1766 898 «lohannes
1783 852 1993 914 prefatus
2011 854 2220 903 officialis
2243 855 2399 903 huius-

481 928 607 975 modi
643 927 868 991 peticioni
890 929 1226 979 fa1·1orabaliter
1247 938 1507 983 annuentes
1530 935 1832 1001 volentesque
1856 939 1903 986 in
1927 940 2189 990 huiusmodi
2212 944 2397 1005 negotio

480 1017 570 1065 rite
594 1018 848 1080 procedere
873 1019 1143 1083 vocatisque
1168 1021 1296 1084 prius
1320 1023 1535 1072 omnibus
1575 1029 1624 1072 et
1661 1026 1854 1088 singulis
1876 1043 1961 1076 sua
1984 1030 2290 1078 communiter
2326 1032 2397 1078 vel

480 1107 668 1156 diuisim
692 1107 920 1156 interesse
954 1110 1230 1172 putantibus
1264 1115 1313 1158 et
1348 1127 1464 1175 quos
1499 1113 1844 1178 infrascriptum
1875 1116 2026 1179 tangit
2050 1118 2289 1180 negocium
2313 1136 2396 1182 per

482 1197 688 1244 edictum
725 1196 962 1260 publicum
998 1198 1046 1244 in
1082 1197 1230 1247 valuis
1265 1199 1461 1248 ecclesie
1509 1201 1792 1250 cathedralis
1839 1204 2169 1254 Brechinensis
2213 1207 2396 1270 publice

480 1286 674 1333 affixum
709 1290 758 1334 et
793 1287 854 1333 ad
888 1286 1155 1335 vicesimam
1182 1287 1304 1335 diem
1335 1288 1508 1337 mensis
1529 1290 1563 1336 J
1567 1290 1664 1336 unii
1687 1291 1747 1338 ad
1771 1292 2019 1339 videndum
2045 1297 2093 1341 et
2118 1295 2396 1342 audiendum

482 1375 693 1438 prefatas
716 1373 952 1423 clausulas
991 1403 1000 1411 ·
1041 1404 1048 1412 ·
1091 1404 1098 1412 -
1137 1392 1221 1438 per
1244 1391 1330 1424 nos
1347 1376 1381 1423 J
1385 1377 1616 1425 ohannem
1635 1378 1880 1427 officialem
1904 1381 2163 1443 predictum
2191 1383 2397 1430 mandari

477 1461 770 1524 judicialiter
813 1464 1068 1512 transsumi
1118 1493 1126 1501 ·
1179 1492 1187 1501 ·
1238 1493 1247 1501 ·
1295 1464 1369 1512 vel
1415 1466 1476 1513 ad
1522 1466 1815 1528 allegandam
1851 1468 2029 1529 justam
2064 1485 2251 1518 causam
2291 1499 2299 1507 ·
2339 1499 2347 1507 ·
2388 1500 2395 1507 -

482 1567 626 1615 quare
649 1566 746 1599 non
770 1551 996 1600 deberent
1019 1555 1271 1601 transsumi
1310 1582 1319 1590 ·
1358 1554 1464 1609 Qua
1488 1555 1564 1602 die
1587 1555 1811 1604 vicesima
1845 1557 2121 1604 deueniente
2145 1562 2193 1606 et
2217 1559 2398 1605 nemine

482 1639 718 1703 allegante
758 1656 948 1690 causam
990 1642 1315 1689 rationabilem
1363 1659 1507 1706 quare
1547 1659 1640 1692 non
1682 1645 1854 1693 debent
1899 1646 2151 1694 transsumi
2189 1676 2198 1683 ·
2237 1674 2246 1682 ·
2286 1675 2295 1683 ·
2334 1647 2397 1692 Et

482 1730 593 1793 quia
627 1734 735 1794 post
772 1730 1044 1794 diligentem
1080 1731 1417 1795 inspectionem
1456 1760 1464 1770 ·
1504 1760 1513 1769 ·
1553 1761 1563 1770 ·
1600 1733 1909 1796 comperimus
1931 1733 2193 1783 huiusmodi
2221 1733 2401 1783 clausu-

481 1818 554 1866 las
587 1818 635 1866 in
671 1818 811 1867 dictis
845 1818 997 1868 literis
1032 1824 1281 1869 contentas
1304 1836 1444 1869 sanas
1478 1824 1527 1869 et
1560 1837 1652 1869 non
1687 1821 1889 1870 abolitas
1925 1850 1934 1859 ·
1974 1850 1983 1858 ·
2023 1850 2031 1858 -
2069 1822 2186 1870 Ideo
2209 1838 2293 1870 nos
2316 1823 2402 1869 Jo-

481 1907 660 1956 hannes
699 1937 708 1944 -
749 1937 757 1945 -
799 1937 807 1944 -
844 1924 929 1972 pro
974 1908 1200 1957 tribunali
1246 1910 1467 1958 sedentes
1512 1909 1664 1959 dictas
1710 1909 1943 1958 clausulas
1986 1939 1993 1947 ·
2041 1938 2050 1948 ·
2096 1938 2105 1948 ·
2147 1911 2397 1959 transsumi

484 2025 493 2032 ·
535 2026 543 2034 ·
586 2025 594 2033 ·
625 1997 852 2058 jussimus
875 1997 936 2045 ad
960 1997 1167 2045 futuram
1193 1998 1260 2046 rei
1286 1998 1557 2046 memoriam
1594 2025 1606 2036 ·
1643 1998 1850 2053 Quarum
1885 1997 2192 2046 clausularum
2215 2002 2400 2045 tenores

481 2090 742 2150 sequuntur
779 2115 788 2124 ·
828 2087 893 2135 Et
916 2088 1067 2150 primo
1089 2086 1230 2145 litera
1252 2087 1373 2135 bone
1398 2087 1621 2135 memorie
1646 2086 1821 2134 domini
1847 2086 2040 2134 Patricii
2063 2085 2268 2148 episcopi
2288 2085 2402 2132 Bre-

481 2175 718 2224 chinensis
755 2204 764 2213 ·
805 2204 813 2212 ·
854 2204 863 2213 ·
901 2175 970 2224 sic
1009 2175 1175 2239 incipit
1215 2175 1482 2224 UmUERsIS
1523 2179 1686 2224 sancte
1720 2174 1885 2222 matris
1919 2173 2115 2222 ecclesie
2149 2172 2255 2221 filiis
2292 2201 2301 2210 ·
2341 2202 2350 2210 ·
2390 2202 2398 2209 ·

435 2266 438 2270 ’
482 2265 719 2313 Patricius
741 2264 1044 2314 miseratione
1064 2264 1225 2311 diuina
1247 2264 1494 2327 episcopus
1519 2262 1849 2311 Brechinensis
1867 2266 1915 2310 et
1933 2261 2140 2310 eiusdem
2165 2260 2254 2308 loci
2278 2262 2403 2324 capi-

479 2353 632 2402 tulum
670 2382 679 2391 ·
718 2353 931 2402 Salutem
955 2352 1004 2400 in
1028 2353 1216 2401 domino
1234 2352 1566 2415 sempiternam
1603 2379 1614 2388 ·
1652 2350 1891 2398 Noueritis
1914 2365 2000 2398 nos
2023 2349 2070 2396 in
2094 2352 2254 2397 nostro
2278 2349 2402 2412 capi-

481 2443 584 2492 tulo
608 2443 684 2491 die
708 2441 1019 2491 confectionis
1041 2440 1328 2505 presentium
1355 2439 1665 2503 personaliter
1699 2438 1972 2491 existentes,
1995 2436 2286 2499 congregatis
2318 2437 2403 2482 ibi-

482 2534 588 2581 dem
612 2532 789 2581 nostris
806 2530 1046 2580 canonicis
1068 2529 1420 2592 rectoribusque
1445 2532 1494 2575 et
1518 2526 1704 2574 vicariis
1727 2529 1886 2574 nostre
1911 2524 2124 2572 dioecesis
2146 2524 2403 2571 senioribus

479 2624 542 2670 ad
565 2622 655 2670 hoc
678 2619 949 2685 specialiter
974 2618 1150 2667 vocatis
1173 2634 1312 2681 super
1328 2617 1512 2679 juribus
1535 2619 1584 2663 et
1610 2613 1915 2678 qualitatibus
1937 2611 2221 2675 singulorum
2263 2613 2401 2658 bene-

480 2712 690 2760 ficiorum
706 2709 904 2758 ecclesie
923 2712 1082 2757 nostre
1096 2707 1308 2770 predicte
1323 2709 1420 2753 tam
1437 2720 1521 2767 per
1537 2702 1872 2766 inspectionem
1892 2704 2174 2748 statutorum
2191 2703 2240 2746 et
2254 2700 2401 2746 muni-

482 2804 747 2849 mentorum
772 2813 912 2862 quam
931 2813 1016 2860 per
1034 2793 1398 2844 consuetudines
1414 2791 1699 2855 approbatas
1721 2789 1781 2836 ab
1805 2788 1916 2836 olim
1939 2788 1987 2834 in
2010 2787 2223 2850 predicta
2240 2791 2399 2835 nostra

481 2889 683 2939 ecclesia
717 2887 907 2937 usitatis
943 2884 1191 2947 diligenter
1219 2880 1500 2931 tractauisse
1539 2877 1834 2942 inquisiuisse
1880 2880 1928 2923 et
1967 2890 2071 2922 cum
2108 2875 2393 2938 competenti

481 2978 822 3027 deliberatione
854 2974 1119 3023 declarasse
1160 2975 1274 3035 quot
1309 2974 1358 3018 et
1399 2967 1556 3032 qualia
1590 2966 1684 3015 sint
1707 2963 1933 3012 beneficia
1968 2962 2181 3026 predicta
2221 2959 2269 3009 et
2310 2979 2399 3025 que

480 3070 687 3132 ipsorum
711 3065 967 3129 dignitates
1002 3077 1091 3125 que
1127 3061 1281 3107 officia
1304 3073 1393 3121 que
1417 3055 1652 3119 prebende
1690 3081 1700 3091 -
1738 3051 1832 3100 Ubi
1857 3050 2072 3098 undecim
2095 3038 2319 3097 beneficia
2354 3051 2399 3096 in

479 3155 786 3204 canonicatus
809 3153 858 3200 in
881 3150 1095 3215 predicta
1113 3146 1313 3196 ecclesia
1335 3143 1597 3207 antiquitus
1613 3141 1810 3188 fundata
1833 3138 2143 3201 comperimus
2161 3141 2209 3185 et
2227 3142 2398 3192 creata,

478 3260 676 3310 quorum
699 3246 902 3306 quatuor
931 3241 1041 3288 sunt
1076 3236 1330 3299 dignitates
1363 3233 1447 3280 viz.
1484 3231 1760 3278 Decanatus
1789 3226 2014 3274 Cantoria
2038 3224 2329 3272 Cancellaria
2353 3231 2400 3272 et

478 3331 805 3388 Thesauraria,
848 3329 1061 3393 quintum
1086 3339 1196 3373 vero
1218 3323 1301 3371 viz.
1326 3319 1734 3369 archidiaconatus
1773 3313 1975 3363 officium
2011 3316 2083 3361 est
2119 3313 2167 3360 in
2203 3311 2400 3360 ecclesia

1414 3408 1474 3456 17
