2950 3970
487 639 557 692 62
654 638 1119 697 REGISTRUM
1157 639 1700 696 EPISOOPATUS
1740 637 2335 694 BREOHINENSIS.

483 826 694 875 chinensi
737 827 816 891 qui
856 843 943 891 pro
981 832 1195 891 tempore
1237 827 1380 876 fuerit
1421 827 1735 891 qnadraginta
1778 826 1926 876 libras
1969 825 2298 888 sterlingorum
2344 824 2418 872 vel

483 930 642 962 verum
669 915 875 964 valorem
898 918 1167 965 eorundem
1191 917 1252 964 ad
1290 915 1583 964 voluntatem
1619 915 1737 963 dicti
1775 914 1953 963 domini
1990 914 2199 978 episcopi
2223 913 2303 976 qui
2333 929 2419 976 pro

482 1006 695 1066 tempore
719 1004 863 1053 fuerit
888 1006 947 1052 de
970 1004 1107 1052 bonis
1131 1004 1457 1052 communibus
1478 1003 1683 1066 predicti
1707 1001 1904 1066 capituli
1928 1018 2014 1065 per
2037 1002 2215 1050 dictum
2239 1001 2419 1065 episco-

482 1107 594 1153 pum
618 1093 678 1139 ad
704 1108 840 1141 suum
865 1092 1215 1156 beneplacitum
1240 1091 1549 1140 leuandorum
1587 1119 1597 1129 ·
1636 1091 1714 1138 Ad
1738 1106 1828 1154 que
1853 1090 2013 1138 omnia
2036 1093 2086 1138 et
2110 1088 2294 1152 singula
2315 1105 2421 1152 pre-

482 1179 625 1228 missa
647 1180 852 1228 fideliter
888 1181 1086 1229 firmiter
1121 1179 1463 1228 inuiolabiliter
1485 1184 1534 1228 et
1558 1178 1935 1227 irreuocabiliter
1957 1178 2252 1227 obseruanda
2284 1178 2422 1241 perfi-

476 1268 650 1316 cienda
671 1272 722 1316 et
745 1267 1070 1332 perimplenda
1093 1268 1211 1316 dicti
1246 1269 1453 1316 decanus
1476 1271 1527 1316 et
1551 1267 1810 1331 capitulum
1833 1281 1885 1315 se
1910 1270 1960 1314 et
1982 1281 2092 1315 suos
2126 1280 2422 1314 successores

480 1355 678 1404 firmiter
700 1361 750 1405 et
774 1356 980 1405 fideliter
1017 1356 1285 1420 obligarunt
1321 1356 1557 1420 presentis
1596 1355 1899 1404 instrumenti
1921 1370 2008 1419 per
2028 1358 2242 1403 tenorem
2265 1353 2418 1417 sigillo

481 1444 717 1492 communi
758 1444 956 1509 capituli
996 1445 1207 1494 roborati
1244 1473 1254 1484 ·
1292 1446 1418 1501 Quia
1457 1445 1615 1493 dictus
1653 1444 1688 1491 J
1691 1444 1902 1492 ohannes
1946 1443 2196 1507 episcopus
2241 1443 2419 1490 dictum

481 1534 669 1597 ciphum
694 1534 972 1599 prescriptis
995 1534 1351 1583 condicionibus
1370 1535 1551 1581 decano
1574 1538 1624 1580 et
1649 1531 1859 1595 capitulo
1884 1531 2016 1579 dedit
2040 1535 2090 1580 et
2114 1547 2208 1579 non
2230 1530 2372 1579 aliter
2409 1559 2419 1568 ·

483 1623 548 1670 Et
573 1623 780 1671 decanus
816 1626 865 1670 et
904 1622 1165 1686 capitulum
1190 1623 1367 1670 dictum
1405 1622 1594 1686 ciphum
1626 1621 1713 1669 snb
1749 1620 1881 1668 dicta
1913 1619 2200 1683 obligatione
2225 1624 2274 1668 et
2296 1635 2421 1683 pena

481 1726 568 1758 sua
590 1714 853 1774 spontanea
875 1710 1120 1760 voluntate
1155 1714 1468 1774 acceptarunt
1491 1713 1540 1758 et
1564 1725 1658 1757 non
1681 1708 1822 1756 aliter
1843 1708 2010 1772 preuia
2043 1712 2093 1756 et
2127 1713 2315 1756 matura
2340 1709 2420 1756 de—

480 1798 762 1848 liberatione
785 1799 1116 1863 capitulariter
1137 1798 1388 1863 prehabita
1410 1813 1497 1862 per
1520 1799 1750 1846 decanum
1775 1801 1824 1845 et
1848 1796 2107 1860 capitulum
2135 1796 2344 1844 utilitate
2369 1801 2418 1844 et

481 1888 659 1936 honore
683 1887 918 1936 dictorum
943 1887 1111 1936 decani
1135 1891 1185 1935 et
1210 1885 1407 1950 capituli
1436 1885 1767 1950 multipliciter
1800 1885 2012 1949 pensatis
2036 1889 2086 1933 et
2110 1885 2420 1934 consideratis

482 1991 623 2039 snper
645 1975 815 2039 quibus
838 1975 1055 2025 omnibus
1077 1979 1128 2024 et
1150 1974 1346 2038 singulis
1368 1991 1398 2023 a
1421 1990 1496 2022 me
1527 1974 1715 2022 notario
1749 1973 1938 2038 publico
1972 1974 2238 2037 subscripto
2273 1975 2420 2021 domi-

481 2078 570 2113 nus
590 2063 625 2110 J
629 2063 838 2112 ohannes
875 2063 979 2111 Liel
1013 2064 1227 2127 prefatus
1259 2063 1586 2112 thezaurarius
1620 2062 1809 2111 nomine
1834 2067 1883 2111 et
1907 2078 1970 2110 ex
1993 2067 2130 2126 parte
2167 2063 2334 2111 decani
2369 2068 2418 2112 et

482 2152 814 2200 canonicorum
850 2151 1046 2215 capituli
1085 2151 1421 2200 Brecbinensis
1443 2151 1534 2199 sibi
1558 2151 1659 2198 fleri
1682 2151 1822 2214 petiit
1858 2150 2099 2214 publicum
2136 2151 2419 2200 instrumen-

482 2246 583 2288 tum
626 2241 753 2289 Acta
785 2241 974 2288 fuerunt
1012 2241 1101 2288 hec
1138 2268 1148 2279 ·
1188 2268 1198 2278 ·
1239 2270 1248 2278 -
1286 2244 1360 2305 (ut
1401 2240 1564 2304 supra)
1770 2240 1837 2288 Et
1871 2256 1958 2303 ego
1992 2239 2027 2287 J
2031 2240 2242 2289 ohannes
2276 2241 2419 2289 Ydile

484 2329 683 2378 clericus
742 2329 908 2377 Sancti
971 2331 1159 2377 Andree
1219 2329 1438 2378 dioecesis
1496 2327 1714 2392 publicus
1756 2328 2016 2377 autoritate
2061 2309 2293 2392 imperiali
2338 2345 2420 2379 no-

485 2418 635 2466 tarius
676 2446 686 2455 ·
727 2445 736 2454 ·
777 2446 786 2456 ·

403 2669 461 2713 41
492 2662 634 2710 Aliud
659 2663 1021 2711 instrumentum
1045 2661 1320 2711 donacionis
1344 2661 1470 2725 ciphi
1494 2659 1703 2724 capitulo
1728 2659 2037 2709 Brechinensi
2074 2689 2084 2698 -

794 2773 949 2836 (Idem
973 2773 1100 2836 quod
1125 2786 1268 2835 snpra
1289 2786 1374 2834 per
1397 2770 1632 2818 notarium
1657 2769 1859 2816 eundem
1882 2769 2116 2832 signatum
2153 2771 2186 2830 ·)

493 2973 865 3021 Instrumentum
889 2971 1161 3020 collacionis
1196 2969 1323 3020 scole
1359 2974 1408 3018 et
1447 2968 1698 3018 scolarium
1733 2969 1792 3015 de
1826 2967 1998 3015 Dunde
2033 2968 2159 3017 facte
2195 2970 2418 3033 magistro

496 3061 755 3108 Laurencio
782 3059 992 3107 Lownan
1017 3059 1156 3123 pleno
1174 3059 1282 3120 jure
1305 3073 1392 3122 per
1412 3056 1447 3104 J
1451 3057 1683 3104 ohannem
1707 3054 1978 3119 episcopum
2003 3055 2369 3106 Brechinensem
2407 3089 2417 3098 ·

404 3231 468 3275 42
502 3196 579 3273 In
614 3212 800 3259 nomine
840 3210 1033 3258 Domini
1071 3213 1222 3259 Amen
1261 3239 1270 3249 ·
1313 3239 1324 3249 ·
1363 3239 1373 3249 ·
1409 3215 1574 3275 pateat
1609 3211 1854 3259 euidenter
1887 3211 2012 3274 quod
2046 3225 2170 3257 anno
2197 3211 2419 3260 lucarna-

494 3300 641 3349 cionis
677 3299 924 3347 Dominice
961 3297 1209 3346 millesimo
1249 3299 1712 3362 quadringentesimo
1755 3298 1997 3348 tricesimo
2031 3302 2201 3362 quarto
2246 3301 2419 3349 mensis
