<?xml version="1.0" encoding="UTF-8"?>
<!DOCTYPE html PUBLIC "-//W3C//DTD XHTML 1.0 Transitional//EN"
    "http://www.w3.org/TR/xhtml1/DTD/xhtml1-transitional.dtd">
<html xmlns="http://www.w3.org/1999/xhtml" xml:lang="en" lang="en">
 <head>
  <title>
</title>
<meta http-equiv="Content-Type" content="text/html;charset=utf-8" />
  <meta name='ocr-system' content='tesseract 3.04.00' />
  <meta name='ocr-capabilities' content='ocr_page ocr_carea ocr_par ocr_line ocrx_word'/>
</head>
<body>
  <div class='ocr_page' id='page_1' title='image "./registrumepiscop01brecuoft_0178.png"; bbox 0 0 2950 3970; ppageno 0'>
   <div class='ocr_carea' id='block_1_1' title="bbox 475 638 2323 695">
    <p class='ocr_par' dir='ltr' id='par_1_1' title="bbox 475 638 2323 695">
     <span class='ocr_line' id='line_1_1' title="bbox 475 638 2323 695; baseline 0.001 -3"><span class='ocrx_word' id='word_1_1' title='bbox 475 640 544 692; x_wconf 88' lang='lat'><strong>66</strong></span> <span class='ocrx_word' id='word_1_2' title='bbox 642 638 1108 694; x_wconf 77' lang='lat' dir='ltr'><strong>REGISTRUM</strong></span> <span class='ocrx_word' id='word_1_3' title='bbox 1145 638 1688 694; x_wconf 85' lang='lat' dir='ltr'>EPISCOPATUS</span> <span class='ocrx_word' id='word_1_4' title='bbox 1729 638 2323 695; x_wconf 82' lang='lat' dir='ltr'>BREOHINENSIS.</span> 
     </span>
    </p>
   </div>
   <div class='ocr_carea' id='block_1_2' title="bbox 474 826 2409 1331">
    <p class='ocr_par' dir='ltr' id='par_1_2' title="bbox 474 826 2409 1331">
     <span class='ocr_line' id='line_1_2' title="bbox 476 826 2409 892; baseline 0.001 -18"><span class='ocrx_word' id='word_1_5' title='bbox 476 826 731 874; x_wconf 78' lang='lat' dir='ltr'>sessionem</span> <span class='ocrx_word' id='word_1_6' title='bbox 755 827 1059 890; x_wconf 74' lang='lat' dir='ltr'><strong>tangentibus</strong></span> <span class='ocrx_word' id='word_1_7' title='bbox 1093 826 1343 889; x_wconf 76' lang='lat' dir='ltr'>diligenter</span> <span class='ocrx_word' id='word_1_8' title='bbox 1365 827 1648 875; x_wconf 78' lang='lat' dir='ltr'><strong>examinetis</strong></span> <span class='ocrx_word' id='word_1_9' title='bbox 1684 854 1695 864; x_wconf 90' lang='lat'><strong>·</strong></span> <span class='ocrx_word' id='word_1_10' title='bbox 1733 827 1799 875; x_wconf 88' lang='lat' dir='ltr'><strong>Et</strong></span> <span class='ocrx_word' id='word_1_11' title='bbox 1823 827 1935 891; x_wconf 90' lang='lat' dir='ltr'><strong>quid</strong></span> <span class='ocrx_word' id='word_1_12' title='bbox 1970 843 2055 892; x_wconf 91' lang='lat' dir='ltr'><strong>per</strong></span> <span class='ocrx_word' id='word_1_13' title='bbox 2089 828 2409 891; x_wconf 79' lang='lat' dir='ltr'><strong>depositiones</strong></span> 
     </span>
     <span class='ocr_line' id='line_1_3' title="bbox 474 914 2409 980; baseline 0.001 -18"><span class='ocrx_word' id='word_1_14' title='bbox 474 915 741 964; x_wconf 90' lang='lat' dir='ltr'><strong>huiusmodi</strong></span> <span class='ocrx_word' id='word_1_15' title='bbox 779 915 972 963; x_wconf 86' lang='lat' dir='ltr'><strong>testium</strong></span> <span class='ocrx_word' id='word_1_16' title='bbox 1007 914 1076 963; x_wconf 87' lang='lat' dir='ltr'><strong>sic</strong></span> <span class='ocrx_word' id='word_1_17' title='bbox 1111 919 1408 978; x_wconf 86' lang='lat' dir='ltr'><strong>receptorum</strong></span> <span class='ocrx_word' id='word_1_18' title='bbox 1442 918 1491 962; x_wconf 88' lang='lat' dir='ltr'><strong>et</strong></span> <span class='ocrx_word' id='word_1_19' title='bbox 1529 915 1905 963; x_wconf 84' lang='lat' dir='ltr'><strong>examinatorum</strong></span> <span class='ocrx_word' id='word_1_20' title='bbox 1942 916 2147 980; x_wconf 89' lang='lat' dir='ltr'><strong>reperire</strong></span> <span class='ocrx_word' id='word_1_21' title='bbox 2188 916 2409 979; x_wconf 89' lang='lat' dir='ltr'><strong>poteritis</strong></span> 
     </span>
     <span class='ocr_line' id='line_1_4' title="bbox 475 1002 2406 1068; baseline 0 -17"><span class='ocrx_word' id='word_1_22' title='bbox 475 1004 561 1051; x_wconf 87' lang='lat' dir='ltr'><strong>sub</strong></span> <span class='ocrx_word' id='word_1_23' title='bbox 606 1003 760 1067; x_wconf 88' lang='lat' dir='ltr'><strong>sigillo</strong></span> <span class='ocrx_word' id='word_1_24' title='bbox 801 1007 958 1051; x_wconf 86' lang='lat' dir='ltr'><strong>vestro</strong></span> <span class='ocrx_word' id='word_1_25' title='bbox 992 1003 1040 1050; x_wconf 90' lang='lat' dir='ltr'><strong>in</strong></span> <span class='ocrx_word' id='word_1_26' title='bbox 1076 1003 1266 1066; x_wconf 85' lang='lat' dir='ltr'><strong>scriptis</strong></span> <span class='ocrx_word' id='word_1_27' title='bbox 1302 1002 1477 1051; x_wconf 88' lang='lat' dir='ltr'><strong>clausis</strong></span> <span class='ocrx_word' id='word_1_28' title='bbox 1513 1019 1661 1067; x_wconf 89' lang='lat' dir='ltr'><strong>usque</strong></span> <span class='ocrx_word' id='word_1_29' title='bbox 1697 1004 1759 1051; x_wconf 89' lang='lat' dir='ltr'><strong>ad</strong></span> <span class='ocrx_word' id='word_1_30' title='bbox 1796 1003 1930 1052; x_wconf 90' lang='lat' dir='ltr'><strong>litem</strong></span> <span class='ocrx_word' id='word_1_31' title='bbox 1965 1020 2107 1068; x_wconf 86' lang='lat' dir='ltr'><strong>super</strong></span> <span class='ocrx_word' id='word_1_32' title='bbox 2139 1005 2406 1053; x_wconf 89' lang='lat' dir='ltr'><strong>huiusmodi</strong></span> 
     </span>
     <span class='ocr_line' id='line_1_5' title="bbox 474 1091 2407 1155; baseline 0.002 -17"><span class='ocrx_word' id='word_1_33' title='bbox 474 1091 709 1155; x_wconf 89' lang='lat' dir='ltr'><strong>particula</strong></span> <span class='ocrx_word' id='word_1_34' title='bbox 731 1096 858 1139; x_wconf 90' lang='lat' dir='ltr'><strong>terre</strong></span> <span class='ocrx_word' id='word_1_35' title='bbox 881 1092 1004 1139; x_wconf 84' lang='lat' dir='ltr'><strong>forte</strong></span> <span class='ocrx_word' id='word_1_36' title='bbox 1029 1091 1309 1139; x_wconf 89' lang='lat' dir='ltr'><strong>mouendam</strong></span> <span class='ocrx_word' id='word_1_37' title='bbox 1345 1091 1475 1139; x_wconf 92' lang='lat' dir='ltr'><strong>dicto</strong></span> <span class='ocrx_word' id='word_1_38' title='bbox 1509 1091 1732 1155; x_wconf 91' lang='lat' dir='ltr'><strong>episcopo</strong></span> <span class='ocrx_word' id='word_1_39' title='bbox 1758 1092 1962 1141; x_wconf 87' lang='lat' dir='ltr'><strong>tradatis</strong></span> <span class='ocrx_word' id='word_1_40' title='bbox 1984 1094 2356 1141; x_wconf 87' lang='lat' dir='ltr'><strong>conseruandum</strong></span> <span class='ocrx_word' id='word_1_41' title='bbox 2397 1122 2407 1131; x_wconf 91' lang='lat'><strong>·</strong></span> 
     </span>
     <span class='ocr_line' id='line_1_6' title="bbox 475 1179 2407 1244; baseline 0.002 -17"><span class='ocrx_word' id='word_1_42' title='bbox 475 1181 655 1227; x_wconf 84' lang='lat' dir='ltr'><strong>Datum</strong></span> <span class='ocrx_word' id='word_1_43' title='bbox 695 1180 780 1228; x_wconf 87' lang='lat' dir='ltr'><strong>sub</strong></span> <span class='ocrx_word' id='word_1_44' title='bbox 818 1179 1092 1228; x_wconf 86' lang='lat' dir='ltr'><strong>testimonio</strong></span> <span class='ocrx_word' id='word_1_45' title='bbox 1129 1179 1286 1242; x_wconf 89' lang='lat' dir='ltr'><strong>magni</strong></span> <span class='ocrx_word' id='word_1_46' title='bbox 1322 1179 1463 1242; x_wconf 87' lang='lat' dir='ltr'><strong>sigilli</strong></span> <span class='ocrx_word' id='word_1_47' title='bbox 1499 1179 1650 1228; x_wconf 86' lang='lat' dir='ltr'><strong>nostri</strong></span> <span class='ocrx_word' id='word_1_48' title='bbox 1684 1181 1810 1244; x_wconf 84' lang='lat' dir='ltr'><strong>apud</strong></span> <span class='ocrx_word' id='word_1_49' title='bbox 1846 1180 2104 1244; x_wconf 86' lang='lat' dir='ltr'><strong>Striueling</strong></span> <span class='ocrx_word' id='word_1_50' title='bbox 2129 1182 2407 1230; x_wconf 89' lang='lat' dir='ltr'><strong>duodecimo</strong></span> 
     </span>
     <span class='ocr_line' id='line_1_7' title="bbox 474 1267 1912 1331; baseline 0.002 -16"><span class='ocrx_word' id='word_1_51' title='bbox 474 1269 549 1316; x_wconf 92' lang='lat' dir='ltr'><strong>die</strong></span> <span class='ocrx_word' id='word_1_52' title='bbox 575 1269 750 1317; x_wconf 87' lang='lat' dir='ltr'><strong>mensis</strong></span> <span class='ocrx_word' id='word_1_53' title='bbox 776 1268 947 1316; x_wconf 92' lang='lat' dir='ltr'><strong>Marcii</strong></span> <span class='ocrx_word' id='word_1_54' title='bbox 971 1283 1094 1315; x_wconf 90' lang='lat' dir='ltr'><strong>anno</strong></span> <span class='ocrx_word' id='word_1_55' title='bbox 1118 1267 1249 1331; x_wconf 88' lang='lat' dir='ltr'><strong>regni</strong></span> <span class='ocrx_word' id='word_1_56' title='bbox 1272 1267 1423 1316; x_wconf 88' lang='lat' dir='ltr'><strong>nostri</strong></span> <span class='ocrx_word' id='word_1_57' title='bbox 1447 1267 1668 1317; x_wconf 84' lang='lat' dir='ltr'><strong>vicesimo</strong></span> <span class='ocrx_word' id='word_1_58' title='bbox 1692 1273 1865 1318; x_wconf 90' lang='lat' dir='ltr'><strong>octauo</strong></span> <span class='ocrx_word' id='word_1_59' title='bbox 1902 1297 1912 1308; x_wconf 90' lang='lat'><strong>·</strong></span> 
     </span>
    </p>
   </div>
   <div class='ocr_carea' id='block_1_3' title="bbox 473 1467 2321 1535">
    <p class='ocr_par' dir='ltr' id='par_1_3' title="bbox 473 1467 2321 1535">
     <span class='ocr_line' id='line_1_8' title="bbox 473 1467 2321 1535; baseline 0.002 -19"><span class='ocrx_word' id='word_1_60' title='bbox 473 1470 847 1517; x_wconf 89' lang='lat' dir='ltr'><strong>Instrumentum</strong></span> <span class='ocrx_word' id='word_1_61' title='bbox 873 1468 1043 1516; x_wconf 85' lang='lat' dir='ltr'><strong>statuti</strong></span> <span class='ocrx_word' id='word_1_62' title='bbox 1068 1467 1277 1532; x_wconf 79' lang='lat' dir='ltr'><strong>Capituli</strong></span> <span class='ocrx_word' id='word_1_63' title='bbox 1302 1469 1636 1518; x_wconf 84' lang='lat' dir='ltr'><strong>Brechinensis</strong></span> <span class='ocrx_word' id='word_1_64' title='bbox 1659 1469 1718 1517; x_wconf 92' lang='lat' dir='ltr'><strong>de</strong></span> <span class='ocrx_word' id='word_1_65' title='bbox 1742 1468 1977 1518; x_wconf 85' lang='lat' dir='ltr'><strong>solutione</strong></span> <span class='ocrx_word' id='word_1_66' title='bbox 1999 1486 2085 1534; x_wconf 90' lang='lat' dir='ltr'><strong>pro</strong></span> <span class='ocrx_word' id='word_1_67' title='bbox 2109 1472 2274 1535; x_wconf 83' lang='lat' dir='ltr'><strong>cappis</strong></span> <span class='ocrx_word' id='word_1_68' title='bbox 2312 1500 2321 1509; x_wconf 92' lang='lat'><strong>·</strong></span> 
     </span>
    </p>
   </div>
   <div class='ocr_carea' id='block_1_4' title="bbox 383 1591 2408 3369">
    <p class='ocr_par' dir='ltr' id='par_1_4' title="bbox 383 1591 2408 3369">
     <span class='ocr_line' id='line_1_9' title="bbox 383 1591 2406 1686; baseline 0 -17"><span class='ocrx_word' id='word_1_69' title='bbox 383 1602 445 1646; x_wconf 83' lang='lat'><strong>45</strong></span> <span class='ocrx_word' id='word_1_70' title='bbox 482 1591 558 1670; x_wconf 85' lang='lat' dir='ltr'><strong>In</strong></span> <span class='ocrx_word' id='word_1_71' title='bbox 596 1623 783 1670; x_wconf 88' lang='lat' dir='ltr'><strong>nomine</strong></span> <span class='ocrx_word' id='word_1_72' title='bbox 820 1622 1014 1670; x_wconf 89' lang='lat' dir='ltr'><strong>Domini</strong></span> <span class='ocrx_word' id='word_1_73' title='bbox 1052 1622 1210 1670; x_wconf 91' lang='lat' dir='ltr'><strong>Amen</strong></span> <span class='ocrx_word' id='word_1_74' title='bbox 1249 1650 1259 1660; x_wconf 93' lang='lat'><strong>·</strong></span> <span class='ocrx_word' id='word_1_75' title='bbox 1297 1623 1389 1670; x_wconf 91' lang='lat' dir='ltr'><strong>Per</strong></span> <span class='ocrx_word' id='word_1_76' title='bbox 1423 1623 1513 1670; x_wconf 92' lang='lat' dir='ltr'><strong>hoc</strong></span> <span class='ocrx_word' id='word_1_77' title='bbox 1547 1638 1742 1686; x_wconf 85' lang='lat' dir='ltr'><strong>presens</strong></span> <span class='ocrx_word' id='word_1_78' title='bbox 1778 1621 2016 1686; x_wconf 90' lang='lat' dir='ltr'><strong>publicum</strong></span> <span class='ocrx_word' id='word_1_79' title='bbox 2041 1622 2406 1670; x_wconf 86' lang='lat' dir='ltr'><strong>instrumentum</strong></span> 
     </span>
     <span class='ocr_line' id='line_1_10' title="bbox 472 1710 2408 1775; baseline 0.001 -17"><span class='ocrx_word' id='word_1_80' title='bbox 472 1713 655 1760; x_wconf 90' lang='lat' dir='ltr'><strong>cunctis</strong></span> <span class='ocrx_word' id='word_1_81' title='bbox 690 1715 852 1775; x_wconf 84' lang='lat' dir='ltr'><strong>pateat</strong></span> <span class='ocrx_word' id='word_1_82' title='bbox 887 1712 1133 1759; x_wconf 92' lang='lat' dir='ltr'><strong>euidenter</strong></span> <span class='ocrx_word' id='word_1_83' title='bbox 1168 1712 1292 1775; x_wconf 93' lang='lat' dir='ltr'><strong>quod</strong></span> <span class='ocrx_word' id='word_1_84' title='bbox 1330 1727 1454 1758; x_wconf 90' lang='lat' dir='ltr'><strong>anno</strong></span> <span class='ocrx_word' id='word_1_85' title='bbox 1491 1711 1835 1759; x_wconf 82' lang='lat' dir='ltr'><strong>incarnacionis</strong></span> <span class='ocrx_word' id='word_1_86' title='bbox 1871 1710 2124 1758; x_wconf 91' lang='lat' dir='ltr'><strong>Dominice</strong></span> <span class='ocrx_word' id='word_1_87' title='bbox 2160 1711 2408 1759; x_wconf 88' lang='lat' dir='ltr'><strong>millesimo</strong></span> 
     </span>
     <span class='ocr_line' id='line_1_11' title="bbox 471 1799 2408 1864; baseline -0.001 -16"><span class='ocrx_word' id='word_1_88' title='bbox 471 1800 931 1864; x_wconf 85' lang='lat' dir='ltr'><strong>quadringentesimo</strong></span> <span class='ocrx_word' id='word_1_89' title='bbox 967 1800 1210 1848; x_wconf 90' lang='lat' dir='ltr'><strong>tricesimo</strong></span> <span class='ocrx_word' id='word_1_90' title='bbox 1247 1800 1413 1863; x_wconf 90' lang='lat' dir='ltr'><strong>quinto</strong></span> <span class='ocrx_word' id='word_1_91' title='bbox 1437 1800 1610 1848; x_wconf 86' lang='lat' dir='ltr'><strong>mensis</strong></span> <span class='ocrx_word' id='word_1_92' title='bbox 1635 1816 1743 1847; x_wconf 88' lang='lat' dir='ltr'><strong>vero</strong></span> <span class='ocrx_word' id='word_1_93' title='bbox 1781 1799 1982 1863; x_wconf 81' lang='lat' dir='ltr'><strong>Augusti</strong></span> <span class='ocrx_word' id='word_1_94' title='bbox 2018 1800 2094 1847; x_wconf 91' lang='lat' dir='ltr'><strong>die</strong></span> <span class='ocrx_word' id='word_1_95' title='bbox 2130 1800 2408 1848; x_wconf 86' lang='lat' dir='ltr'><strong>duodecima</strong></span> 
     </span>
     <span class='ocr_line' id='line_1_12' title="bbox 471 1888 2406 1952; baseline -0.001 -16"><span class='ocrx_word' id='word_1_96' title='bbox 471 1891 730 1937; x_wconf 88' lang='lat' dir='ltr'><strong>indictione</strong></span> <span class='ocrx_word' id='word_1_97' title='bbox 769 1890 953 1937; x_wconf 91' lang='lat' dir='ltr'><strong>decima</strong></span> <span class='ocrx_word' id='word_1_98' title='bbox 987 1889 1139 1937; x_wconf 86' lang='lat' dir='ltr'><strong>tercia</strong></span> <span class='ocrx_word' id='word_1_99' title='bbox 1174 1889 1480 1952; x_wconf 88' lang='lat' dir='ltr'><strong>pontificatus</strong></span> <span class='ocrx_word' id='word_1_100' title='bbox 1519 1888 1831 1938; x_wconf 86' lang='lat' dir='ltr'><strong>sanctisssimi</strong></span> <span class='ocrx_word' id='word_1_101' title='bbox 1877 1888 1926 1935; x_wconf 92' lang='lat' dir='ltr'><strong>in</strong></span> <span class='ocrx_word' id='word_1_102' title='bbox 1974 1888 2132 1936; x_wconf 89' lang='lat' dir='ltr'><strong>Cristo</strong></span> <span class='ocrx_word' id='word_1_103' title='bbox 2171 1889 2322 1951; x_wconf 90' lang='lat' dir='ltr'><strong>patris</strong></span> <span class='ocrx_word' id='word_1_104' title='bbox 2358 1893 2406 1936; x_wconf 89' lang='lat' dir='ltr'><strong>et</strong></span> 
     </span>
     <span class='ocr_line' id='line_1_13' title="bbox 471 1976 2407 2041; baseline -0.002 -14"><span class='ocrx_word' id='word_1_105' title='bbox 471 1979 664 2027; x_wconf 91' lang='lat' dir='ltr'><strong>Domini</strong></span> <span class='ocrx_word' id='word_1_106' title='bbox 710 1979 860 2027; x_wconf 87' lang='lat' dir='ltr'><strong>nostri</strong></span> <span class='ocrx_word' id='word_1_107' title='bbox 907 1978 1083 2026; x_wconf 92' lang='lat' dir='ltr'><strong>domini</strong></span> <span class='ocrx_word' id='word_1_108' title='bbox 1123 1977 1324 2041; x_wconf 90' lang='lat' dir='ltr'><strong>Eugenii</strong></span> <span class='ocrx_word' id='word_1_109' title='bbox 1362 1977 1524 2025; x_wconf 91' lang='lat' dir='ltr'><strong>diuina</strong></span> <span class='ocrx_word' id='word_1_110' title='bbox 1559 1976 1865 2040; x_wconf 86' lang='lat' dir='ltr'><strong>prouidencia</strong></span> <span class='ocrx_word' id='word_1_111' title='bbox 1910 1993 2031 2040; x_wconf 90' lang='lat' dir='ltr'><strong>pape</strong></span> <span class='ocrx_word' id='word_1_112' title='bbox 2078 1977 2235 2040; x_wconf 89' lang='lat' dir='ltr'><strong>quarti</strong></span> <span class='ocrx_word' id='word_1_113' title='bbox 2282 1993 2407 2024; x_wconf 89' lang='lat' dir='ltr'><strong>anno</strong></span> 
     </span>
     <span class='ocr_line' id='line_1_14' title="bbox 473 2065 2408 2130; baseline -0.001 -15"><span class='ocrx_word' id='word_1_114' title='bbox 473 2068 639 2130; x_wconf 90' lang='lat' dir='ltr'><strong>quinto</strong></span> <span class='ocrx_word' id='word_1_115' title='bbox 677 2095 687 2105; x_wconf 88' lang='lat'><strong>·</strong></span> <span class='ocrx_word' id='word_1_116' title='bbox 724 2067 782 2114; x_wconf 92' lang='lat' dir='ltr'><strong>In</strong></span> <span class='ocrx_word' id='word_1_117' title='bbox 821 2067 915 2114; x_wconf 86' lang='lat' dir='ltr'><strong>mei</strong></span> <span class='ocrx_word' id='word_1_118' title='bbox 953 2066 1127 2114; x_wconf 90' lang='lat' dir='ltr'><strong>notarii</strong></span> <span class='ocrx_word' id='word_1_119' title='bbox 1165 2066 1342 2129; x_wconf 90' lang='lat' dir='ltr'><strong>publici</strong></span> <span class='ocrx_word' id='word_1_120' title='bbox 1391 2070 1440 2113; x_wconf 92' lang='lat' dir='ltr'><strong>et</strong></span> <span class='ocrx_word' id='word_1_121' title='bbox 1486 2065 1681 2114; x_wconf 88' lang='lat' dir='ltr'><strong>testium</strong></span> <span class='ocrx_word' id='word_1_122' title='bbox 1719 2065 2126 2129; x_wconf 82' lang='lat' dir='ltr'><strong>infrascriptorum</strong></span> <span class='ocrx_word' id='word_1_123' title='bbox 2161 2067 2408 2129; x_wconf 90' lang='lat' dir='ltr'><strong>presencia</strong></span> 
     </span>
     <span class='ocr_line' id='line_1_15' title="bbox 470 2153 2407 2219; baseline 0 -16"><span class='ocrx_word' id='word_1_124' title='bbox 470 2156 752 2203; x_wconf 88' lang='lat' dir='ltr'><strong>reuerendus</strong></span> <span class='ocrx_word' id='word_1_125' title='bbox 788 2156 837 2202; x_wconf 92' lang='lat' dir='ltr'><strong>in</strong></span> <span class='ocrx_word' id='word_1_126' title='bbox 875 2155 1032 2203; x_wconf 89' lang='lat' dir='ltr'><strong>Cristo</strong></span> <span class='ocrx_word' id='word_1_127' title='bbox 1056 2159 1194 2218; x_wconf 84' lang='lat' dir='ltr'><strong>pater</strong></span> <span class='ocrx_word' id='word_1_128' title='bbox 1218 2154 1435 2202; x_wconf 89' lang='lat' dir='ltr'><strong>dominus</strong></span> <span class='ocrx_word' id='word_1_129' title='bbox 1470 2154 1504 2200; x_wconf 88' lang='lat' dir='ltr'>J</span> <span class='ocrx_word' id='word_1_130' title='bbox 1509 2154 1718 2202; x_wconf 88' lang='lat' dir='ltr'><strong>ohannes</strong></span> <span class='ocrx_word' id='word_1_131' title='bbox 1753 2153 2062 2202; x_wconf 86' lang='lat' dir='ltr'><strong>miseracione</strong></span> <span class='ocrx_word' id='word_1_132' title='bbox 2099 2154 2260 2202; x_wconf 91' lang='lat' dir='ltr'><strong>diuina</strong></span> <span class='ocrx_word' id='word_1_133' title='bbox 2283 2156 2407 2219; x_wconf 93' lang='lat' dir='ltr'><strong>epis-</strong></span> 
     </span>
     <span class='ocr_line' id='line_1_16' title="bbox 469 2242 2408 2308; baseline 0 -16"><span class='ocrx_word' id='word_1_134' title='bbox 469 2261 614 2308; x_wconf 90' lang='lat' dir='ltr'><strong>copus</strong></span> <span class='ocrx_word' id='word_1_135' title='bbox 640 2244 975 2292; x_wconf 89' lang='lat' dir='ltr'><strong>Brechinensis</strong></span> <span class='ocrx_word' id='word_1_136' title='bbox 1008 2259 1192 2291; x_wconf 89' lang='lat' dir='ltr'><strong>necnon</strong></span> <span class='ocrx_word' id='word_1_137' title='bbox 1227 2243 1520 2291; x_wconf 87' lang='lat' dir='ltr'><strong>venerabiles</strong></span> <span class='ocrx_word' id='word_1_138' title='bbox 1557 2246 1606 2290; x_wconf 91' lang='lat' dir='ltr'><strong>et</strong></span> <span class='ocrx_word' id='word_1_139' title='bbox 1647 2242 1978 2305; x_wconf 89' lang='lat' dir='ltr'><strong>circumspecti</strong></span> <span class='ocrx_word' id='word_1_140' title='bbox 2000 2243 2214 2305; x_wconf 84' lang='lat' dir='ltr'><strong>magistri</strong></span> <span class='ocrx_word' id='word_1_141' title='bbox 2238 2245 2408 2307; x_wconf 86' lang='lat' dir='ltr'><strong>magis-</strong></span> 
     </span>
     <span class='ocr_line' id='line_1_17' title="bbox 469 2330 2407 2395; baseline -0.001 -13"><span class='ocrx_word' id='word_1_142' title='bbox 469 2339 544 2382; x_wconf 89' lang='lat' dir='ltr'><strong>ter</strong></span> <span class='ocrx_word' id='word_1_143' title='bbox 570 2333 861 2381; x_wconf 88' lang='lat' dir='ltr'><strong>Cuthbertus</strong></span> <span class='ocrx_word' id='word_1_144' title='bbox 885 2334 1092 2380; x_wconf 85' lang='lat' dir='ltr'><strong>decanus</strong></span> <span class='ocrx_word' id='word_1_145' title='bbox 1115 2331 1313 2380; x_wconf 86' lang='lat' dir='ltr'><strong>ecclesie</strong></span> <span class='ocrx_word' id='word_1_146' title='bbox 1349 2331 1682 2379; x_wconf 87' lang='lat' dir='ltr'><strong>Brechinensis</strong></span> <span class='ocrx_word' id='word_1_147' title='bbox 1718 2334 1768 2378; x_wconf 91' lang='lat' dir='ltr'><strong>et</strong></span> <span class='ocrx_word' id='word_1_148' title='bbox 1797 2330 2014 2379; x_wconf 90' lang='lat' dir='ltr'><strong>dominus</strong></span> <span class='ocrx_word' id='word_1_149' title='bbox 2037 2330 2280 2380; x_wconf 88' lang='lat' dir='ltr'><strong>Gilbertus</strong></span> <span class='ocrx_word' id='word_1_150' title='bbox 2302 2348 2407 2395; x_wconf 86' lang='lat' dir='ltr'><strong>pre-</strong></span> 
     </span>
     <span class='ocr_line' id='line_1_18' title="bbox 470 2418 2406 2484; baseline -0.001 -14"><span class='ocrx_word' id='word_1_151' title='bbox 470 2426 633 2470; x_wconf 86' lang='lat' dir='ltr'><strong>centor</strong></span> <span class='ocrx_word' id='word_1_152' title='bbox 655 2437 713 2469; x_wconf 85' lang='lat' dir='ltr'><strong>ac</strong></span> <span class='ocrx_word' id='word_1_153' title='bbox 736 2421 818 2469; x_wconf 90' lang='lat' dir='ltr'><strong>alii</strong></span> <span class='ocrx_word' id='word_1_154' title='bbox 842 2420 1056 2469; x_wconf 90' lang='lat' dir='ltr'><strong>canonici</strong></span> <span class='ocrx_word' id='word_1_155' title='bbox 1081 2425 1130 2468; x_wconf 91' lang='lat' dir='ltr'><strong>et</strong></span> <span class='ocrx_word' id='word_1_156' title='bbox 1155 2420 1454 2483; x_wconf 88' lang='lat' dir='ltr'><strong>prebendarii</strong></span> <span class='ocrx_word' id='word_1_157' title='bbox 1488 2419 1687 2468; x_wconf 88' lang='lat' dir='ltr'><strong>ecclesie</strong></span> <span class='ocrx_word' id='word_1_158' title='bbox 1724 2418 1937 2483; x_wconf 90' lang='lat' dir='ltr'><strong>predicte</strong></span> <span class='ocrx_word' id='word_1_159' title='bbox 1974 2419 2023 2466; x_wconf 92' lang='lat' dir='ltr'><strong>in</strong></span> <span class='ocrx_word' id='word_1_160' title='bbox 2061 2420 2200 2467; x_wconf 92' lang='lat' dir='ltr'><strong>domo</strong></span> <span class='ocrx_word' id='word_1_161' title='bbox 2224 2421 2406 2484; x_wconf 88' lang='lat' dir='ltr'><strong>capitu-</strong></span> 
     </span>
     <span class='ocr_line' id='line_1_19' title="bbox 470 2507 2403 2573; baseline -0.001 -15"><span class='ocrx_word' id='word_1_162' title='bbox 470 2512 559 2559; x_wconf 88' lang='lat' dir='ltr'><strong>lari</strong></span> <span class='ocrx_word' id='word_1_163' title='bbox 582 2511 792 2559; x_wconf 92' lang='lat' dir='ltr'><strong>eiusdem</strong></span> <span class='ocrx_word' id='word_1_164' title='bbox 815 2509 1127 2573; x_wconf 87' lang='lat' dir='ltr'><strong>personaliter</strong></span> <span class='ocrx_word' id='word_1_165' title='bbox 1164 2513 1488 2558; x_wconf 90' lang='lat' dir='ltr'><strong>conuenerunt</strong></span> <span class='ocrx_word' id='word_1_166' title='bbox 1526 2536 1536 2546; x_wconf 90' lang='lat'><strong>·</strong></span> <span class='ocrx_word' id='word_1_167' title='bbox 1573 2507 1859 2571; x_wconf 79' lang='lat' dir='ltr'><strong>Quiquidem</strong></span> <span class='ocrx_word' id='word_1_168' title='bbox 1895 2507 2103 2555; x_wconf 86' lang='lat' dir='ltr'><strong>decanus</strong></span> <span class='ocrx_word' id='word_1_169' title='bbox 2126 2509 2328 2556; x_wconf 88' lang='lat' dir='ltr'><strong>asseruit</strong></span> <span class='ocrx_word' id='word_1_170' title='bbox 2351 2525 2403 2557; x_wconf 89' lang='lat' dir='ltr'><strong>se</strong></span> 
     </span>
     <span class='ocr_line' id='line_1_20' title="bbox 471 2595 2405 2661; baseline -0.001 -13"><span class='ocrx_word' id='word_1_171' title='bbox 471 2616 533 2648; x_wconf 88' lang='lat' dir='ltr'><strong>ex</strong></span> <span class='ocrx_word' id='word_1_172' title='bbox 567 2599 868 2648; x_wconf 88' lang='lat' dir='ltr'><strong>ordinacione</strong></span> <span class='ocrx_word' id='word_1_173' title='bbox 906 2597 1103 2661; x_wconf 89' lang='lat' dir='ltr'><strong>capituli</strong></span> <span class='ocrx_word' id='word_1_174' title='bbox 1152 2597 1486 2645; x_wconf 87' lang='lat' dir='ltr'><strong>Brechinensis</strong></span> <span class='ocrx_word' id='word_1_175' title='bbox 1523 2596 1768 2644; x_wconf 89' lang='lat' dir='ltr'><strong>uniuersos</strong></span> <span class='ocrx_word' id='word_1_176' title='bbox 1813 2600 1863 2643; x_wconf 90' lang='lat' dir='ltr'><strong>et</strong></span> <span class='ocrx_word' id='word_1_177' title='bbox 1910 2595 2118 2658; x_wconf 86' lang='lat' dir='ltr'><strong>singulos</strong></span> <span class='ocrx_word' id='word_1_178' title='bbox 2153 2598 2405 2646; x_wconf 89' lang='lat' dir='ltr'><strong>canonicos</strong></span> 
     </span>
     <span class='ocr_line' id='line_1_21' title="bbox 473 2672 2404 2749; baseline -0.001 -13"><span class='ocrx_word' id='word_1_179' title='bbox 473 2689 599 2736; x_wconf 90' lang='lat' dir='ltr'><strong>dicte</strong></span> <span class='ocrx_word' id='word_1_180' title='bbox 623 2672 821 2736; x_wconf 60' lang='lat' dir='ltr'><strong>ecclesie</strong></span> <span class='ocrx_word' id='word_1_181' title='bbox 845 2685 1132 2734; x_wconf 88' lang='lat' dir='ltr'><strong>cathedralis</strong></span> <span class='ocrx_word' id='word_1_182' title='bbox 1158 2685 1492 2734; x_wconf 87' lang='lat' dir='ltr'><strong>Brechinensis</strong></span> <span class='ocrx_word' id='word_1_183' title='bbox 1514 2684 1789 2747; x_wconf 87' lang='lat' dir='ltr'><strong>singillatim</strong></span> <span class='ocrx_word' id='word_1_184' title='bbox 1813 2684 1861 2731; x_wconf 92' lang='lat' dir='ltr'><strong>in</strong></span> <span class='ocrx_word' id='word_1_185' title='bbox 1885 2683 1983 2732; x_wconf 88' lang='lat' dir='ltr'><strong>suis</strong></span> <span class='ocrx_word' id='word_1_186' title='bbox 2005 2683 2159 2732; x_wconf 87' lang='lat' dir='ltr'><strong>stallis</strong></span> <span class='ocrx_word' id='word_1_187' title='bbox 2181 2701 2267 2748; x_wconf 88' lang='lat' dir='ltr'><strong>per</strong></span> <span class='ocrx_word' id='word_1_188' title='bbox 2289 2703 2404 2749; x_wconf 82' lang='lat' dir='ltr'><strong>qua-</strong></span> 
     </span>
     <span class='ocr_line' id='line_1_22' title="bbox 474 2771 2402 2839; baseline -0.001 -14"><span class='ocrx_word' id='word_1_189' title='bbox 474 2777 689 2839; x_wconf 87' lang='lat' dir='ltr'><strong>draginta</strong></span> <span class='ocrx_word' id='word_1_190' title='bbox 711 2776 812 2824; x_wconf 90' lang='lat' dir='ltr'><strong>dies</strong></span> <span class='ocrx_word' id='word_1_191' title='bbox 834 2776 894 2823; x_wconf 90' lang='lat' dir='ltr'><strong>ab</strong></span> <span class='ocrx_word' id='word_1_192' title='bbox 919 2779 1030 2823; x_wconf 87' lang='lat' dir='ltr'><strong>ante</strong></span> <span class='ocrx_word' id='word_1_193' title='bbox 1054 2774 1262 2837; x_wconf 88' lang='lat' dir='ltr'><strong>legitime</strong></span> <span class='ocrx_word' id='word_1_194' title='bbox 1287 2775 1460 2823; x_wconf 88' lang='lat' dir='ltr'><strong>citasse</strong></span> <span class='ocrx_word' id='word_1_195' title='bbox 1483 2774 1543 2821; x_wconf 87' lang='lat' dir='ltr'><strong>ad</strong></span> <span class='ocrx_word' id='word_1_196' title='bbox 1568 2773 1933 2836; x_wconf 88' lang='lat' dir='ltr'><strong>comparendum</strong></span> <span class='ocrx_word' id='word_1_197' title='bbox 1953 2771 2162 2835; x_wconf 87' lang='lat' dir='ltr'><strong>capitulo</strong></span> <span class='ocrx_word' id='word_1_198' title='bbox 2186 2775 2402 2836; x_wconf 88' lang='lat' dir='ltr'><strong>predicto</strong></span> 
     </span>
     <span class='ocr_line' id='line_1_23' title="bbox 473 2860 2401 2927; baseline -0.001 -14"><span class='ocrx_word' id='word_1_199' title='bbox 473 2867 532 2913; x_wconf 84' lang='lat' dir='ltr'><strong>ad</strong></span> <span class='ocrx_word' id='word_1_200' title='bbox 559 2865 884 2913; x_wconf 91' lang='lat' dir='ltr'><strong>duodecimum</strong></span> <span class='ocrx_word' id='word_1_201' title='bbox 921 2864 1047 2911; x_wconf 91' lang='lat' dir='ltr'><strong>diem</strong></span> <span class='ocrx_word' id='word_1_202' title='bbox 1082 2863 1286 2926; x_wconf 87' lang='lat' dir='ltr'><strong>Augusti</strong></span> <span class='ocrx_word' id='word_1_203' title='bbox 1309 2866 1608 2927; x_wconf 84' lang='lat' dir='ltr'><strong>prenotatum</strong></span> <span class='ocrx_word' id='word_1_204' title='bbox 1649 2862 1708 2908; x_wconf 84' lang='lat' dir='ltr'><strong>ad</strong></span> <span class='ocrx_word' id='word_1_205' title='bbox 1745 2860 2020 2909; x_wconf 84' lang='lat' dir='ltr'><strong>auisandum</strong></span> <span class='ocrx_word' id='word_1_206' title='bbox 2048 2860 2401 2911; x_wconf 86' lang='lat' dir='ltr'><strong>deliberandum</strong></span> 
     </span>
     <span class='ocr_line' id='line_1_24' title="bbox 474 2949 2401 3016; baseline -0.001 -14"><span class='ocrx_word' id='word_1_207' title='bbox 474 2954 844 3002; x_wconf 86' lang='lat' dir='ltr'><strong>concludendum</strong></span> <span class='ocrx_word' id='word_1_208' title='bbox 881 2957 930 3001; x_wconf 90' lang='lat' dir='ltr'><strong>et</strong></span> <span class='ocrx_word' id='word_1_209' title='bbox 964 2953 1268 3001; x_wconf 89' lang='lat' dir='ltr'><strong>statuendum</strong></span> <span class='ocrx_word' id='word_1_210' title='bbox 1291 2967 1432 3016; x_wconf 90' lang='lat' dir='ltr'><strong>super</strong></span> <span class='ocrx_word' id='word_1_211' title='bbox 1455 2951 1599 2999; x_wconf 89' lang='lat' dir='ltr'><strong>certis</strong></span> <span class='ocrx_word' id='word_1_212' title='bbox 1622 2949 1833 2998; x_wconf 88' lang='lat' dir='ltr'><strong>materiis</strong></span> <span class='ocrx_word' id='word_1_213' title='bbox 1856 2949 2080 2996; x_wconf 84' lang='lat' dir='ltr'><strong>honorem</strong></span> <span class='ocrx_word' id='word_1_214' title='bbox 2105 2953 2401 3000; x_wconf 91' lang='lat' dir='ltr'><strong>commodum</strong></span> 
     </span>
     <span class='ocr_line' id='line_1_25' title="bbox 474 3037 2403 3101; baseline -0.001 -11"><span class='ocrx_word' id='word_1_215' title='bbox 474 3048 522 3090; x_wconf 90' lang='lat' dir='ltr'><strong>et</strong></span> <span class='ocrx_word' id='word_1_216' title='bbox 559 3041 816 3089; x_wconf 86' lang='lat' dir='ltr'><strong>utilitatem</strong></span> <span class='ocrx_word' id='word_1_217' title='bbox 854 3041 980 3088; x_wconf 90' lang='lat' dir='ltr'><strong>dicte</strong></span> <span class='ocrx_word' id='word_1_218' title='bbox 1026 3040 1225 3089; x_wconf 85' lang='lat' dir='ltr'><strong>ecclesie</strong></span> <span class='ocrx_word' id='word_1_219' title='bbox 1265 3038 1553 3088; x_wconf 85' lang='lat' dir='ltr'><strong>cathedralis</strong></span> <span class='ocrx_word' id='word_1_220' title='bbox 1598 3037 1992 3087; x_wconf 88' lang='lat' dir='ltr'><strong>concernentibus</strong></span> <span class='ocrx_word' id='word_1_221' title='bbox 2036 3040 2085 3085; x_wconf 90' lang='lat' dir='ltr'><strong>et</strong></span> <span class='ocrx_word' id='word_1_222' title='bbox 2131 3039 2403 3101; x_wconf 88' lang='lat' dir='ltr'><strong>specialiter</strong></span> 
     </span>
     <span class='ocr_line' id='line_1_26' title="bbox 474 3125 2403 3194; baseline -0.002 -15"><span class='ocrx_word' id='word_1_223' title='bbox 474 3147 613 3194; x_wconf 90' lang='lat' dir='ltr'><strong>super</strong></span> <span class='ocrx_word' id='word_1_224' title='bbox 636 3129 836 3177; x_wconf 89' lang='lat' dir='ltr'><strong>materia</strong></span> <span class='ocrx_word' id='word_1_225' title='bbox 857 3129 935 3176; x_wconf 91' lang='lat' dir='ltr'><strong>hic</strong></span> <span class='ocrx_word' id='word_1_226' title='bbox 958 3129 1152 3177; x_wconf 85' lang='lat' dir='ltr'><strong>inferius</strong></span> <span class='ocrx_word' id='word_1_227' title='bbox 1168 3129 1347 3178; x_wconf 88' lang='lat' dir='ltr'><strong>inserta</strong></span> <span class='ocrx_word' id='word_1_228' title='bbox 1370 3128 1446 3176; x_wconf 86' lang='lat' dir='ltr'><strong>cui</strong></span> <span class='ocrx_word' id='word_1_229' title='bbox 1473 3143 1581 3176; x_wconf 86' lang='lat' dir='ltr'><strong>vero</strong></span> <span class='ocrx_word' id='word_1_230' title='bbox 1603 3125 1859 3176; x_wconf 88' lang='lat' dir='ltr'><strong>assercioni</strong></span> <span class='ocrx_word' id='word_1_231' title='bbox 1883 3130 1981 3173; x_wconf 90' lang='lat' dir='ltr'><strong>tam</strong></span> <span class='ocrx_word' id='word_1_232' title='bbox 2006 3125 2162 3174; x_wconf 90' lang='lat' dir='ltr'><strong>dictus</strong></span> <span class='ocrx_word' id='word_1_233' title='bbox 2185 3143 2403 3176; x_wconf 89' lang='lat' dir='ltr'><strong>reueren-</strong></span> 
     </span>
     <span class='ocr_line' id='line_1_27' title="bbox 475 3214 2401 3282; baseline -0.001 -15"><span class='ocrx_word' id='word_1_234' title='bbox 475 3221 561 3267; x_wconf 88' lang='lat' dir='ltr'><strong>dus</strong></span> <span class='ocrx_word' id='word_1_235' title='bbox 583 3222 721 3282; x_wconf 88' lang='lat' dir='ltr'><strong>pater</strong></span> <span class='ocrx_word' id='word_1_236' title='bbox 755 3234 893 3280; x_wconf 91' lang='lat' dir='ltr'><strong>quam</strong></span> <span class='ocrx_word' id='word_1_237' title='bbox 929 3217 1078 3265; x_wconf 91' lang='lat' dir='ltr'><strong>eciam</strong></span> <span class='ocrx_word' id='word_1_238' title='bbox 1113 3217 1194 3265; x_wconf 90' lang='lat' dir='ltr'><strong>alii</strong></span> <span class='ocrx_word' id='word_1_239' title='bbox 1230 3217 1443 3265; x_wconf 86' lang='lat' dir='ltr'><strong>canonici</strong></span> <span class='ocrx_word' id='word_1_240' title='bbox 1467 3217 1618 3264; x_wconf 92' lang='lat' dir='ltr'><strong>eciam</strong></span> <span class='ocrx_word' id='word_1_241' title='bbox 1654 3219 1704 3263; x_wconf 89' lang='lat' dir='ltr'><strong>et</strong></span> <span class='ocrx_word' id='word_1_242' title='bbox 1742 3215 1958 3263; x_wconf 90' lang='lat' dir='ltr'><strong>dominus</strong></span> <span class='ocrx_word' id='word_1_243' title='bbox 1983 3214 2014 3260; x_wconf 83' lang='lat' dir='ltr'><strong>J</strong></span> <span class='ocrx_word' id='word_1_244' title='bbox 2019 3214 2227 3264; x_wconf 87' lang='lat' dir='ltr'><strong>ohannes</strong></span> <span class='ocrx_word' id='word_1_245' title='bbox 2252 3217 2401 3266; x_wconf 86' lang='lat' dir='ltr'><strong>Steile</strong></span> 
     </span>
     <span class='ocr_line' id='line_1_28' title="bbox 474 3302 2402 3369; baseline -0.001 -13"><span class='ocrx_word' id='word_1_246' title='bbox 474 3307 686 3356; x_wconf 87' lang='lat' dir='ltr'><strong>notarius</strong></span> <span class='ocrx_word' id='word_1_247' title='bbox 709 3304 924 3369; x_wconf 87' lang='lat' dir='ltr'><strong>publicus</strong></span> <span class='ocrx_word' id='word_1_248' title='bbox 947 3306 1270 3355; x_wconf 89' lang='lat' dir='ltr'><strong>testimonium</strong></span> <span class='ocrx_word' id='word_1_249' title='bbox 1288 3306 1625 3369; x_wconf 91' lang='lat' dir='ltr'><strong>perhibuerunt</strong></span> <span class='ocrx_word' id='word_1_250' title='bbox 1653 3332 1663 3343; x_wconf 90' lang='lat'><strong>·</strong></span> <span class='ocrx_word' id='word_1_251' title='bbox 1689 3303 1795 3359; x_wconf 82' lang='lat' dir='ltr'><strong>Quo</strong></span> <span class='ocrx_word' id='word_1_252' title='bbox 1808 3303 1937 3352; x_wconf 89' lang='lat' dir='ltr'><strong>facto</strong></span> <span class='ocrx_word' id='word_1_253' title='bbox 1954 3302 2168 3366; x_wconf 91' lang='lat' dir='ltr'><strong>prefatus</strong></span> <span class='ocrx_word' id='word_1_254' title='bbox 2187 3305 2402 3356; x_wconf 89' lang='lat' dir='ltr'><strong>dominus</strong></span> 
     </span>
    </p>
   </div>
  </div>
 </body>
</html>
