<?xml version="1.0" encoding="UTF-8"?>
<!DOCTYPE html PUBLIC "-//W3C//DTD XHTML 1.0 Transitional//EN"
    "http://www.w3.org/TR/xhtml1/DTD/xhtml1-transitional.dtd">
<html xmlns="http://www.w3.org/1999/xhtml" xml:lang="en" lang="en">
 <head>
  <title>
</title>
<meta http-equiv="Content-Type" content="text/html;charset=utf-8" />
  <meta name='ocr-system' content='tesseract 3.04.00' />
  <meta name='ocr-capabilities' content='ocr_page ocr_carea ocr_par ocr_line ocrx_word'/>
</head>
<body>
  <div class='ocr_page' id='page_1' title='image "./registrumepiscop01brecuoft_0181.png"; bbox 0 0 2950 3970; ppageno 0'>
   <div class='ocr_carea' id='block_1_1' title="bbox 743 612 2531 679">
    <p class='ocr_par' dir='ltr' id='par_1_1' title="bbox 743 612 2531 679">
     <span class='ocr_line' id='line_1_1' title="bbox 743 612 2531 679; baseline 0.008 -14"><span class='ocrx_word' id='word_1_1' title='bbox 743 612 1212 668; x_wconf 80' lang='lat' dir='ltr'>REGISTRUM</span> <span class='ocrx_word' id='word_1_2' title='bbox 1249 614 1788 673; x_wconf 81' lang='lat' dir='ltr'>EPISOOPATUS</span> <span class='ocrx_word' id='word_1_3' title='bbox 1829 619 2420 679; x_wconf 85' lang='lat' dir='ltr'><strong>BRECHINENSIS.</strong></span> <span class='ocrx_word' id='word_1_4' title='bbox 2463 627 2531 678; x_wconf 88' lang='grc'>69</span> 
     </span>
    </p>
   </div>
   <div class='ocr_carea' id='block_1_2' title="bbox 578 801 2527 3351">
    <p class='ocr_par' dir='ltr' id='par_1_2' title="bbox 578 801 2527 3351">
     <span class='ocr_line' id='line_1_2' title="bbox 604 801 2527 872; baseline 0.006 -25"><span class='ocrx_word' id='word_1_5' title='bbox 604 801 756 848; x_wconf 89' lang='lat' dir='ltr'>tarius</span> <span class='ocrx_word' id='word_1_6' title='bbox 779 801 994 863; x_wconf 91' lang='lat' dir='ltr'>publicus</span> <span class='ocrx_word' id='word_1_7' title='bbox 1017 803 1337 851; x_wconf 87' lang='lat' dir='ltr'>testimonium</span> <span class='ocrx_word' id='word_1_8' title='bbox 1370 805 1704 868; x_wconf 87' lang='lat' dir='ltr'>perhibuerunt</span> <span class='ocrx_word' id='word_1_9' title='bbox 1743 835 1752 844; x_wconf 94' lang='lat'><strong>·</strong></span> <span class='ocrx_word' id='word_1_10' title='bbox 1790 808 1894 862; x_wconf 79' lang='lat' dir='ltr'>Quo</span> <span class='ocrx_word' id='word_1_11' title='bbox 1930 809 2058 856; x_wconf 86' lang='lat' dir='ltr'>facto</span> <span class='ocrx_word' id='word_1_12' title='bbox 2083 810 2291 872; x_wconf 86' lang='lat' dir='ltr'>prefatus</span> <span class='ocrx_word' id='word_1_13' title='bbox 2315 812 2527 859; x_wconf 88' lang='lat' dir='ltr'>dominus</span> 
     </span>
     <span class='ocr_line' id='line_1_3' title="bbox 603 890 2527 961; baseline 0.005 -25"><span class='ocrx_word' id='word_1_14' title='bbox 603 890 810 938; x_wconf 85' lang='lat' dir='ltr'>decanus</span> <span class='ocrx_word' id='word_1_15' title='bbox 844 891 903 937; x_wconf 89' lang='lat' dir='ltr'>ad</span> <span class='ocrx_word' id='word_1_16' title='bbox 942 891 1146 939; x_wconf 89' lang='lat' dir='ltr'>hostium</span> <span class='ocrx_word' id='word_1_17' title='bbox 1172 893 1367 956; x_wconf 86' lang='lat' dir='ltr'>capituli</span> <span class='ocrx_word' id='word_1_18' title='bbox 1391 894 1590 956; x_wconf 74' lang='lat' dir='ltr'>predicti</span> <span class='ocrx_word' id='word_1_19' title='bbox 1625 895 1936 958; x_wconf 77' lang='lat' dir='ltr'>personaliter</span> <span class='ocrx_word' id='word_1_20' title='bbox 1969 898 2168 944; x_wconf 88' lang='lat' dir='ltr'>accessit</span> <span class='ocrx_word' id='word_1_21' title='bbox 2206 926 2215 935; x_wconf 93' lang='lat'>-</span> <span class='ocrx_word' id='word_1_22' title='bbox 2254 898 2527 961; x_wconf 90' lang='lat' dir='ltr'>Ibidemque</span> 
     </span>
     <span class='ocr_line' id='line_1_4' title="bbox 604 979 2526 1047; baseline 0.004 -22"><span class='ocrx_word' id='word_1_23' title='bbox 604 979 846 1028; x_wconf 89' lang='lat' dir='ltr'>universos</span> <span class='ocrx_word' id='word_1_24' title='bbox 883 984 932 1027; x_wconf 90' lang='lat' dir='ltr'>et</span> <span class='ocrx_word' id='word_1_25' title='bbox 969 980 1175 1043; x_wconf 88' lang='lat' dir='ltr'>singulos</span> <span class='ocrx_word' id='word_1_26' title='bbox 1212 982 1461 1030; x_wconf 89' lang='lat' dir='ltr'>canonicos</span> <span class='ocrx_word' id='word_1_27' title='bbox 1499 987 1547 1030; x_wconf 89' lang='lat' dir='ltr'>et</span> <span class='ocrx_word' id='word_1_28' title='bbox 1586 983 1919 1046; x_wconf 87' lang='lat' dir='ltr'>prebendarios</span> <span class='ocrx_word' id='word_1_29' title='bbox 1959 984 2155 1032; x_wconf 80' lang='lat' dir='ltr'>ecclesie</span> <span class='ocrx_word' id='word_1_30' title='bbox 2192 986 2402 1047; x_wconf 73' lang='lat' dir='ltr'>predicte</span> <span class='ocrx_word' id='word_1_31' title='bbox 2435 987 2526 1034; x_wconf 90' lang='lat' dir='ltr'>sin-</span> 
     </span>
     <span class='ocr_line' id='line_1_5' title="bbox 601 1067 2520 1135; baseline 0.003 -21"><span class='ocrx_word' id='word_1_32' title='bbox 601 1067 814 1130; x_wconf 86' lang='lat' dir='ltr'>gillatam</span> <span class='ocrx_word' id='word_1_33' title='bbox 856 1072 905 1115; x_wconf 91' lang='lat' dir='ltr'>et</span> <span class='ocrx_word' id='word_1_34' title='bbox 945 1069 1220 1117; x_wconf 89' lang='lat' dir='ltr'>nominatim</span> <span class='ocrx_word' id='word_1_35' title='bbox 1267 1071 1482 1133; x_wconf 87' lang='lat' dir='ltr'>repetitis</span> <span class='ocrx_word' id='word_1_36' title='bbox 1527 1071 1705 1119; x_wconf 89' lang='lat' dir='ltr'>vicibus</span> <span class='ocrx_word' id='word_1_37' title='bbox 1750 1075 1802 1118; x_wconf 88' lang='lat' dir='ltr'>ut</span> <span class='ocrx_word' id='word_1_38' title='bbox 1849 1072 1992 1120; x_wconf 90' lang='lat' dir='ltr'>moris</span> <span class='ocrx_word' id='word_1_39' title='bbox 2039 1076 2111 1120; x_wconf 91' lang='lat' dir='ltr'>est</span> <span class='ocrx_word' id='word_1_40' title='bbox 2152 1089 2235 1135; x_wconf 91' lang='lat' dir='ltr'>per</span> <span class='ocrx_word' id='word_1_41' title='bbox 2275 1074 2520 1135; x_wconf 87' lang='lat' dir='ltr'>quemdam</span> 
     </span>
     <span class='ocr_line' id='line_1_6' title="bbox 602 1156 2522 1224; baseline 0.003 -21"><span class='ocrx_word' id='word_1_42' title='bbox 602 1156 898 1220; x_wconf 77' lang='lat' dir='ltr'>capellanum</span> <span class='ocrx_word' id='word_1_43' title='bbox 935 1157 1050 1205; x_wconf 86' lang='lat' dir='ltr'>fecit</span> <span class='ocrx_word' id='word_1_44' title='bbox 1089 1159 1339 1206; x_wconf 90' lang='lat' dir='ltr'>conuocari</span> <span class='ocrx_word' id='word_1_45' title='bbox 1377 1187 1386 1196; x_wconf 94' lang='lat'><strong>·</strong></span> <span class='ocrx_word' id='word_1_46' title='bbox 1424 1159 1604 1214; x_wconf 81' lang='lat' dir='ltr'>Quibus</span> <span class='ocrx_word' id='word_1_47' title='bbox 1641 1160 1912 1208; x_wconf 89' lang='lat' dir='ltr'>conuocatis</span> <span class='ocrx_word' id='word_1_48' title='bbox 1949 1165 1998 1208; x_wconf 89' lang='lat' dir='ltr'>et</span> <span class='ocrx_word' id='word_1_49' title='bbox 2037 1162 2414 1224; x_wconf 81' lang='lat' dir='ltr'>comparentibus</span> <span class='ocrx_word' id='word_1_50' title='bbox 2439 1178 2522 1224; x_wconf 92' lang='lat' dir='ltr'>pro</span> 
     </span>
     <span class='ocr_line' id='line_1_7' title="bbox 602 1246 2522 1312; baseline 0.003 -20"><span class='ocrx_word' id='word_1_51' title='bbox 602 1249 716 1292; x_wconf 88' lang='lat' dir='ltr'>tunc</span> <span class='ocrx_word' id='word_1_52' title='bbox 753 1246 1052 1308; x_wconf 86' lang='lat' dir='ltr'>presentibus</span> <span class='ocrx_word' id='word_1_53' title='bbox 1091 1247 1302 1309; x_wconf 86' lang='lat' dir='ltr'>prefatus</span> <span class='ocrx_word' id='word_1_54' title='bbox 1342 1249 1626 1295; x_wconf 93' lang='lat' dir='ltr'>reuerendus</span> <span class='ocrx_word' id='word_1_55' title='bbox 1666 1251 1802 1310; x_wconf 86' lang='lat' dir='ltr'>pater</span> <span class='ocrx_word' id='word_1_56' title='bbox 1842 1248 2028 1296; x_wconf 89' lang='lat' dir='ltr'>diuersa</span> <span class='ocrx_word' id='word_1_57' title='bbox 2068 1253 2243 1311; x_wconf 88' lang='lat' dir='ltr'>puncta</span> <span class='ocrx_word' id='word_1_58' title='bbox 2281 1250 2522 1312; x_wconf 85' lang='lat' dir='ltr'>proposuit</span> 
     </span>
     <span class='ocr_line' id='line_1_8' title="bbox 601 1333 2523 1400; baseline 0.002 -20"><span class='ocrx_word' id='word_1_59' title='bbox 601 1334 728 1382; x_wconf 91' lang='lat' dir='ltr'>inter</span> <span class='ocrx_word' id='word_1_60' title='bbox 749 1333 845 1381; x_wconf 88' lang='lat' dir='ltr'>alia</span> <span class='ocrx_word' id='word_1_61' title='bbox 869 1334 1073 1397; x_wconf 81' lang='lat' dir='ltr'>qualiter</span> <span class='ocrx_word' id='word_1_62' title='bbox 1091 1351 1176 1397; x_wconf 91' lang='lat' dir='ltr'>pro</span> <span class='ocrx_word' id='word_1_63' title='bbox 1200 1335 1322 1383; x_wconf 90' lang='lat' dir='ltr'>bono</span> <span class='ocrx_word' id='word_1_64' title='bbox 1340 1339 1388 1382; x_wconf 92' lang='lat' dir='ltr'>et</span> <span class='ocrx_word' id='word_1_65' title='bbox 1413 1336 1589 1383; x_wconf 88' lang='lat' dir='ltr'>honore</span> <span class='ocrx_word' id='word_1_66' title='bbox 1609 1336 1734 1384; x_wconf 90' lang='lat' dir='ltr'>dicte</span> <span class='ocrx_word' id='word_1_67' title='bbox 1759 1335 1955 1384; x_wconf 88' lang='lat' dir='ltr'>ecclesie</span> <span class='ocrx_word' id='word_1_68' title='bbox 1979 1336 2247 1400; x_wconf 90' lang='lat' dir='ltr'>ampliando</span> <span class='ocrx_word' id='word_1_69' title='bbox 2270 1342 2319 1385; x_wconf 87' lang='lat' dir='ltr'>et</span> <span class='ocrx_word' id='word_1_70' title='bbox 2343 1339 2402 1384; x_wconf 92' lang='lat' dir='ltr'>ad</span> <span class='ocrx_word' id='word_1_71' title='bbox 2427 1338 2523 1384; x_wconf 92' lang='lat' dir='ltr'>cul-</span> 
     </span>
     <span class='ocr_line' id='line_1_9' title="bbox 601 1422 2520 1486; baseline 0.001 -16"><span class='ocrx_word' id='word_1_72' title='bbox 601 1426 702 1470; x_wconf 87' lang='lat' dir='ltr'>tum</span> <span class='ocrx_word' id='word_1_73' title='bbox 729 1422 939 1469; x_wconf 92' lang='lat' dir='ltr'>diuinum</span> <span class='ocrx_word' id='word_1_74' title='bbox 965 1423 1012 1470; x_wconf 90' lang='lat' dir='ltr'>in</span> <span class='ocrx_word' id='word_1_75' title='bbox 1039 1424 1202 1470; x_wconf 85' lang='lat' dir='ltr'>eadem</span> <span class='ocrx_word' id='word_1_76' title='bbox 1234 1425 1628 1486; x_wconf 84' lang='lat' dir='ltr'>augmentandum</span> <span class='ocrx_word' id='word_1_77' title='bbox 1653 1441 1713 1471; x_wconf 86' lang='lat' dir='ltr'>ex</span> <span class='ocrx_word' id='word_1_78' title='bbox 1739 1424 1933 1472; x_wconf 88' lang='lat' dir='ltr'>consilio</span> <span class='ocrx_word' id='word_1_79' title='bbox 1972 1452 1981 1462; x_wconf 92' lang='lat'><strong>·</strong></span> <span class='ocrx_word' id='word_1_80' title='bbox 2021 1453 2030 1462; x_wconf 90' lang='lat'><strong>·</strong></span> <span class='ocrx_word' id='word_1_81' title='bbox 2070 1453 2079 1462; x_wconf 94' lang='lat'>·</span> <span class='ocrx_word' id='word_1_82' title='bbox 2115 1426 2308 1473; x_wconf 86' lang='lat' dir='ltr'>fratrum</span> <span class='ocrx_word' id='word_1_83' title='bbox 2335 1441 2520 1473; x_wconf 88' lang='lat' dir='ltr'>suorum</span> 
     </span>
     <span class='ocr_line' id='line_1_10' title="bbox 601 1511 2523 1576; baseline 0 -17"><span class='ocrx_word' id='word_1_84' title='bbox 601 1513 662 1559; x_wconf 88' lang='lat' dir='ltr'>ad</span> <span class='ocrx_word' id='word_1_85' title='bbox 687 1513 776 1560; x_wconf 91' lang='lat' dir='ltr'>hoc</span> <span class='ocrx_word' id='word_1_86' title='bbox 801 1511 1072 1575; x_wconf 85' lang='lat' dir='ltr'>specialiter</span> <span class='ocrx_word' id='word_1_87' title='bbox 1087 1516 1450 1560; x_wconf 83' lang='lat' dir='ltr'>conuocatorum</span> <span class='ocrx_word' id='word_1_88' title='bbox 1476 1513 1701 1574; x_wconf 85' lang='lat' dir='ltr'>obligauit</span> <span class='ocrx_word' id='word_1_89' title='bbox 1725 1529 1775 1561; x_wconf 89' lang='lat' dir='ltr'>se</span> <span class='ocrx_word' id='word_1_90' title='bbox 1815 1541 1824 1549; x_wconf 92' lang='lat'><strong>·</strong></span> <span class='ocrx_word' id='word_1_91' title='bbox 1863 1541 1873 1550; x_wconf 88' lang='lat'><strong>·</strong></span> <span class='ocrx_word' id='word_1_92' title='bbox 1913 1541 1922 1550; x_wconf 89' lang='lat'><em>·</em></span> <span class='ocrx_word' id='word_1_93' title='bbox 1958 1513 2155 1576; x_wconf 91' lang='lat' dir='ltr'>principi</span> <span class='ocrx_word' id='word_1_94' title='bbox 2176 1513 2362 1560; x_wconf 91' lang='lat' dir='ltr'>domino</span> <span class='ocrx_word' id='word_1_95' title='bbox 2389 1513 2523 1560; x_wconf 88' lang='lat' dir='ltr'>Wal-</span> 
     </span>
     <span class='ocr_line' id='line_1_11' title="bbox 598 1600 2517 1663; baseline -0.001 -15"><span class='ocrx_word' id='word_1_96' title='bbox 598 1604 703 1648; x_wconf 90' lang='lat' dir='ltr'>tero</span> <span class='ocrx_word' id='word_1_97' title='bbox 728 1601 937 1648; x_wconf 86' lang='lat' dir='ltr'>Stewart</span> <span class='ocrx_word' id='word_1_98' title='bbox 961 1600 1123 1648; x_wconf 90' lang='lat' dir='ltr'>comiti</span> <span class='ocrx_word' id='word_1_99' title='bbox 1147 1600 1357 1663; x_wconf 89' lang='lat' dir='ltr'>palatino</span> <span class='ocrx_word' id='word_1_100' title='bbox 1382 1602 1439 1647; x_wconf 89' lang='lat' dir='ltr'>de</span> <span class='ocrx_word' id='word_1_101' title='bbox 1465 1601 1741 1648; x_wconf 85' lang='lat' dir='ltr'>Stratherne</span> <span class='ocrx_word' id='word_1_102' title='bbox 1780 1605 1828 1648; x_wconf 87' lang='lat' dir='ltr'>et</span> <span class='ocrx_word' id='word_1_103' title='bbox 1867 1601 2051 1648; x_wconf 91' lang='lat' dir='ltr'>domino</span> <span class='ocrx_word' id='word_1_104' title='bbox 2090 1602 2147 1648; x_wconf 93' lang='lat' dir='ltr'>de</span> <span class='ocrx_word' id='word_1_105' title='bbox 2187 1601 2420 1648; x_wconf 87' lang='lat' dir='ltr'>Brechine</span> <span class='ocrx_word' id='word_1_106' title='bbox 2459 1604 2517 1648; x_wconf 94' lang='lat' dir='ltr'>ad</span> 
     </span>
     <span class='ocr_line' id='line_1_12' title="bbox 598 1688 2518 1752; baseline -0.001 -16"><span class='ocrx_word' id='word_1_107' title='bbox 598 1690 887 1737; x_wconf 90' lang='lat' dir='ltr'>fundandum</span> <span class='ocrx_word' id='word_1_108' title='bbox 927 1689 974 1736; x_wconf 93' lang='lat' dir='ltr'>in</span> <span class='ocrx_word' id='word_1_109' title='bbox 1014 1689 1143 1736; x_wconf 89' lang='lat' dir='ltr'>dicta</span> <span class='ocrx_word' id='word_1_110' title='bbox 1166 1688 1367 1736; x_wconf 87' lang='lat' dir='ltr'>ecclesia</span> <span class='ocrx_word' id='word_1_111' title='bbox 1405 1690 1464 1736; x_wconf 90' lang='lat' dir='ltr'>ad</span> <span class='ocrx_word' id='word_1_112' title='bbox 1503 1688 1653 1736; x_wconf 89' lang='lat' dir='ltr'>altare</span> <span class='ocrx_word' id='word_1_113' title='bbox 1679 1689 1852 1736; x_wconf 87' lang='lat' dir='ltr'>Sancte</span> <span class='ocrx_word' id='word_1_114' title='bbox 1878 1689 2041 1737; x_wconf 90' lang='lat' dir='ltr'>Crucis</span> <span class='ocrx_word' id='word_1_115' title='bbox 2064 1705 2204 1736; x_wconf 91' lang='lat' dir='ltr'>unum</span> <span class='ocrx_word' id='word_1_116' title='bbox 2229 1689 2518 1752; x_wconf 86' lang='lat' dir='ltr'>capellanum</span> 
     </span>
     <span class='ocr_line' id='line_1_13' title="bbox 598 1777 2518 1842; baseline -0.002 -16"><span class='ocrx_word' id='word_1_117' title='bbox 598 1795 683 1842; x_wconf 91' lang='lat' dir='ltr'>pro</span> <span class='ocrx_word' id='word_1_118' title='bbox 721 1782 951 1842; x_wconf 87' lang='lat' dir='ltr'>perpetuo</span> <span class='ocrx_word' id='word_1_119' title='bbox 990 1777 1334 1825; x_wconf 89' lang='lat' dir='ltr'>celebraturum</span> <span class='ocrx_word' id='word_1_120' title='bbox 1375 1777 1547 1824; x_wconf 88' lang='lat' dir='ltr'>ibidem</span> <span class='ocrx_word' id='word_1_121' title='bbox 1585 1792 1669 1840; x_wconf 90' lang='lat' dir='ltr'>pro</span> <span class='ocrx_word' id='word_1_122' title='bbox 1705 1777 1948 1824; x_wconf 90' lang='lat' dir='ltr'>animabus</span> <span class='ocrx_word' id='word_1_123' title='bbox 1976 1777 2287 1840; x_wconf 90' lang='lat' dir='ltr'>predictorum</span> <span class='ocrx_word' id='word_1_124' title='bbox 2314 1777 2518 1840; x_wconf 86' lang='lat' dir='ltr'>episcopi</span> 
     </span>
     <span class='ocr_line' id='line_1_14' title="bbox 596 1866 2515 1932; baseline -0.003 -17"><span class='ocrx_word' id='word_1_125' title='bbox 596 1872 646 1916; x_wconf 91' lang='lat' dir='ltr'>et</span> <span class='ocrx_word' id='word_1_126' title='bbox 670 1868 898 1932; x_wconf 91' lang='lat' dir='ltr'>principis</span> <span class='ocrx_word' id='word_1_127' title='bbox 935 1883 992 1915; x_wconf 91' lang='lat' dir='ltr'>ac</span> <span class='ocrx_word' id='word_1_128' title='bbox 1027 1871 1376 1915; x_wconf 90' lang='lat' dir='ltr'>antecessorum</span> <span class='ocrx_word' id='word_1_129' title='bbox 1416 1870 1464 1912; x_wconf 93' lang='lat' dir='ltr'>et</span> <span class='ocrx_word' id='word_1_130' title='bbox 1502 1881 1820 1914; x_wconf 89' lang='lat' dir='ltr'>successorum</span> <span class='ocrx_word' id='word_1_131' title='bbox 1844 1866 2094 1914; x_wconf 88' lang='lat' dir='ltr'>eorundem</span> <span class='ocrx_word' id='word_1_132' title='bbox 2119 1866 2370 1912; x_wconf 89' lang='lat' dir='ltr'>secundum</span> <span class='ocrx_word' id='word_1_133' title='bbox 2410 1893 2419 1902; x_wconf 93' lang='lat'><strong>·</strong></span> <span class='ocrx_word' id='word_1_134' title='bbox 2458 1894 2467 1901; x_wconf 92' lang='lat'><em>-</em></span> <span class='ocrx_word' id='word_1_135' title='bbox 2507 1894 2515 1901; x_wconf 91' lang='lat'>-</span> 
     </span>
     <span class='ocr_line' id='line_1_15' title="bbox 593 1952 2517 2017; baseline -0.003 -12"><span class='ocrx_word' id='word_1_136' title='bbox 593 1962 806 2005; x_wconf 89' lang='lat' dir='ltr'>tenorem</span> <span class='ocrx_word' id='word_1_137' title='bbox 832 1961 963 2004; x_wconf 91' lang='lat' dir='ltr'>carte</span> <span class='ocrx_word' id='word_1_138' title='bbox 987 1956 1160 2003; x_wconf 86' lang='lat' dir='ltr'>exinde</span> <span class='ocrx_word' id='word_1_139' title='bbox 1183 1955 1396 2002; x_wconf 86' lang='lat' dir='ltr'>confecte</span> <span class='ocrx_word' id='word_1_140' title='bbox 1435 1982 1446 2008; x_wconf 53' lang='lat'>·‚</span> <span class='ocrx_word' id='word_1_141' title='bbox 1483 1953 1823 2017; x_wconf 81' lang='lat' dir='ltr'>Quamquidem</span> <span class='ocrx_word' id='word_1_142' title='bbox 1848 1952 2174 2014; x_wconf 87' lang='lat' dir='ltr'>obligationem</span> <span class='ocrx_word' id='word_1_143' title='bbox 2211 1952 2364 1999; x_wconf 88' lang='lat' dir='ltr'>dictus</span> <span class='ocrx_word' id='word_1_144' title='bbox 2399 1953 2517 2015; x_wconf 87' lang='lat' dir='ltr'>epis-</span> 
     </span>
     <span class='ocr_line' id='line_1_16' title="bbox 593 2039 2512 2110; baseline -0.005 -16"><span class='ocrx_word' id='word_1_145' title='bbox 593 2062 741 2110; x_wconf 91' lang='lat' dir='ltr'>copus</span> <span class='ocrx_word' id='word_1_146' title='bbox 777 2050 830 2093; x_wconf 87' lang='lat' dir='ltr'>ut</span> <span class='ocrx_word' id='word_1_147' title='bbox 873 2045 1108 2109; x_wconf 88' lang='lat' dir='ltr'>prefertur</span> <span class='ocrx_word' id='word_1_148' title='bbox 1143 2060 1201 2091; x_wconf 91' lang='lat' dir='ltr'>ea</span> <span class='ocrx_word' id='word_1_149' title='bbox 1238 2043 1498 2091; x_wconf 86' lang='lat' dir='ltr'>intentione</span> <span class='ocrx_word' id='word_1_150' title='bbox 1535 2042 1648 2089; x_wconf 90' lang='lat' dir='ltr'>fecit</span> <span class='ocrx_word' id='word_1_151' title='bbox 1690 2043 1748 2089; x_wconf 90' lang='lat' dir='ltr'>ad</span> <span class='ocrx_word' id='word_1_152' title='bbox 1792 2042 2072 2088; x_wconf 91' lang='lat' dir='ltr'>mouendum</span> <span class='ocrx_word' id='word_1_153' title='bbox 2113 2045 2161 2087; x_wconf 91' lang='lat' dir='ltr'>et</span> <span class='ocrx_word' id='word_1_154' title='bbox 2201 2039 2512 2087; x_wconf 90' lang='lat' dir='ltr'>inclinandum</span> 
     </span>
     <span class='ocr_line' id='line_1_17' title="bbox 590 2127 2511 2197; baseline -0.006 -13"><span class='ocrx_word' id='word_1_155' title='bbox 590 2136 799 2184; x_wconf 90' lang='lat' dir='ltr'>animum</span> <span class='ocrx_word' id='word_1_156' title='bbox 842 2135 956 2182; x_wconf 89' lang='lat' dir='ltr'>dicti</span> <span class='ocrx_word' id='word_1_157' title='bbox 998 2133 1223 2197; x_wconf 88' lang='lat' dir='ltr'>principis</span> <span class='ocrx_word' id='word_1_158' title='bbox 1259 2133 1380 2181; x_wconf 86' lang='lat' dir='ltr'>sicut</span> <span class='ocrx_word' id='word_1_159' title='bbox 1422 2132 1480 2178; x_wconf 91' lang='lat' dir='ltr'>de</span> <span class='ocrx_word' id='word_1_160' title='bbox 1521 2131 1649 2178; x_wconf 88' lang='lat' dir='ltr'>facto</span> <span class='ocrx_word' id='word_1_161' title='bbox 1685 2129 1798 2177; x_wconf 87' lang='lat' dir='ltr'>fecit</span> <span class='ocrx_word' id='word_1_162' title='bbox 1835 2129 1896 2176; x_wconf 89' lang='lat' dir='ltr'>ad</span> <span class='ocrx_word' id='word_1_163' title='bbox 1935 2128 2222 2176; x_wconf 85' lang='lat' dir='ltr'>fundandum</span> <span class='ocrx_word' id='word_1_164' title='bbox 2269 2127 2511 2189; x_wconf 87' lang='lat' dir='ltr'>collegium</span> 
     </span>
     <span class='ocr_line' id='line_1_18' title="bbox 591 2216 2511 2287; baseline -0.006 -14"><span class='ocrx_word' id='word_1_165' title='bbox 591 2227 788 2273; x_wconf 91' lang='lat' dir='ltr'>duorum</span> <span class='ocrx_word' id='word_1_166' title='bbox 814 2223 1161 2287; x_wconf 87' lang='lat' dir='ltr'>capellanorum</span> <span class='ocrx_word' id='word_1_167' title='bbox 1202 2226 1250 2268; x_wconf 90' lang='lat' dir='ltr'>et</span> <span class='ocrx_word' id='word_1_168' title='bbox 1287 2237 1372 2268; x_wconf 84' lang='lat' dir='ltr'>sex</span> <span class='ocrx_word' id='word_1_169' title='bbox 1407 2235 1654 2283; x_wconf 92' lang='lat' dir='ltr'>puerorum</span> <span class='ocrx_word' id='word_1_170' title='bbox 1691 2219 1739 2264; x_wconf 92' lang='lat' dir='ltr'>in</span> <span class='ocrx_word' id='word_1_171' title='bbox 1777 2216 1977 2264; x_wconf 88' lang='lat' dir='ltr'>ecclesia</span> <span class='ocrx_word' id='word_1_172' title='bbox 2013 2216 2228 2280; x_wconf 87' lang='lat' dir='ltr'>predicta</span> <span class='ocrx_word' id='word_1_173' title='bbox 2250 2216 2372 2263; x_wconf 90' lang='lat' dir='ltr'>inter</span> <span class='ocrx_word' id='word_1_174' title='bbox 2396 2231 2511 2278; x_wconf 90' lang='lat' dir='ltr'>quos</span> 
     </span>
     <span class='ocr_line' id='line_1_19' title="bbox 590 2303 2511 2370; baseline -0.006 -8"><span class='ocrx_word' id='word_1_175' title='bbox 590 2318 640 2362; x_wconf 88' lang='lat' dir='ltr'>et</span> <span class='ocrx_word' id='word_1_176' title='bbox 678 2314 726 2361; x_wconf 91' lang='lat' dir='ltr'>in</span> <span class='ocrx_word' id='word_1_177' title='bbox 765 2315 904 2360; x_wconf 92' lang='lat' dir='ltr'>domo</span> <span class='ocrx_word' id='word_1_178' title='bbox 941 2312 1001 2359; x_wconf 92' lang='lat' dir='ltr'>ad</span> <span class='ocrx_word' id='word_1_179' title='bbox 1039 2311 1127 2358; x_wconf 89' lang='lat' dir='ltr'>hec</span> <span class='ocrx_word' id='word_1_180' title='bbox 1163 2309 1382 2357; x_wconf 88' lang='lat' dir='ltr'>ordinata</span> <span class='ocrx_word' id='word_1_181' title='bbox 1418 2307 1658 2370; x_wconf 75' lang='lat' dir='ltr'>predIctus</span> <span class='ocrx_word' id='word_1_182' title='bbox 1681 2305 1950 2368; x_wconf 88' lang='lat' dir='ltr'>capellanus</span> <span class='ocrx_word' id='word_1_183' title='bbox 1974 2304 2180 2367; x_wconf 89' lang='lat' dir='ltr'>episcopi</span> <span class='ocrx_word' id='word_1_184' title='bbox 2204 2303 2511 2351; x_wconf 88' lang='lat' dir='ltr'>collocaretur</span> 
     </span>
     <span class='ocr_line' id='line_1_20' title="bbox 588 2393 2509 2456; baseline -0.007 -5"><span class='ocrx_word' id='word_1_185' title='bbox 588 2407 640 2450; x_wconf 90' lang='lat' dir='ltr'>et</span> <span class='ocrx_word' id='word_1_186' title='bbox 663 2401 971 2451; x_wconf 89' lang='lat' dir='ltr'>residenciam</span> <span class='ocrx_word' id='word_1_187' title='bbox 995 2399 1174 2447; x_wconf 87' lang='lat' dir='ltr'>faceret</span> <span class='ocrx_word' id='word_1_188' title='bbox 1198 2413 1255 2445; x_wconf 91' lang='lat' dir='ltr'>ac</span> <span class='ocrx_word' id='word_1_189' title='bbox 1279 2397 1422 2445; x_wconf 90' lang='lat' dir='ltr'>etiam</span> <span class='ocrx_word' id='word_1_190' title='bbox 1451 2399 1499 2443; x_wconf 89' lang='lat' dir='ltr'>ut</span> <span class='ocrx_word' id='word_1_191' title='bbox 1523 2394 1772 2442; x_wconf 88' lang='lat' dir='ltr'>caritatiue</span> <span class='ocrx_word' id='word_1_192' title='bbox 1807 2394 2147 2456; x_wconf 89' lang='lat' dir='ltr'>imperpetuum</span> <span class='ocrx_word' id='word_1_193' title='bbox 2172 2393 2306 2439; x_wconf 88' lang='lat' dir='ltr'>daret</span> <span class='ocrx_word' id='word_1_194' title='bbox 2329 2395 2377 2439; x_wconf 87' lang='lat' dir='ltr'>et</span> <span class='ocrx_word' id='word_1_195' title='bbox 2401 2408 2509 2438; x_wconf 85' lang='lat' dir='ltr'>con·</span> 
     </span>
     <span class='ocr_line' id='line_1_21' title="bbox 587 2479 2503 2553; baseline -0.007 -13"><span class='ocrx_word' id='word_1_196' title='bbox 587 2494 779 2540; x_wconf 87' lang='lat' dir='ltr'>cederet</span> <span class='ocrx_word' id='word_1_197' title='bbox 803 2491 862 2538; x_wconf 90' lang='lat' dir='ltr'>ad</span> <span class='ocrx_word' id='word_1_198' title='bbox 887 2488 1101 2553; x_wconf 89' lang='lat' dir='ltr'>proprios</span> <span class='ocrx_word' id='word_1_199' title='bbox 1126 2501 1236 2534; x_wconf 90' lang='lat' dir='ltr'>usus</span> <span class='ocrx_word' id='word_1_200' title='bbox 1260 2485 1374 2532; x_wconf 89' lang='lat' dir='ltr'>dicti</span> <span class='ocrx_word' id='word_1_201' title='bbox 1399 2482 1594 2547; x_wconf 86' lang='lat' dir='ltr'>capituli</span> <span class='ocrx_word' id='word_1_202' title='bbox 1617 2481 1863 2529; x_wconf 86' lang='lat' dir='ltr'>ecclesiam</span> <span class='ocrx_word' id='word_1_203' title='bbox 1899 2481 1957 2527; x_wconf 90' lang='lat' dir='ltr'>de</span> <span class='ocrx_word' id='word_1_204' title='bbox 1987 2479 2255 2542; x_wconf 87' lang='lat' dir='ltr'>Cortoquhy</span> <span class='ocrx_word' id='word_1_205' title='bbox 2281 2495 2384 2526; x_wconf 90' lang='lat' dir='ltr'>cum</span> <span class='ocrx_word' id='word_1_206' title='bbox 2409 2479 2503 2526; x_wconf 89' lang='lat' dir='ltr'>suis</span> 
     </span>
     <span class='ocr_line' id='line_1_22' title="bbox 587 2566 2503 2641; baseline -0.009 -12"><span class='ocrx_word' id='word_1_207' title='bbox 587 2581 820 2629; x_wconf 86' lang='lat' dir='ltr'>fructibus</span> <span class='ocrx_word' id='word_1_208' title='bbox 857 2608 867 2617; x_wconf 91' lang='lat'><strong>·</strong></span> <span class='ocrx_word' id='word_1_209' title='bbox 906 2607 916 2616; x_wconf 91' lang='lat'><strong>·</strong></span> <span class='ocrx_word' id='word_1_210' title='bbox 958 2606 968 2616; x_wconf 91' lang='lat'><strong>·</strong></span> <span class='ocrx_word' id='word_1_211' title='bbox 1005 2580 1145 2641; x_wconf 89' lang='lat' dir='ltr'>prout</span> <span class='ocrx_word' id='word_1_212' title='bbox 1184 2575 1298 2622; x_wconf 89' lang='lat' dir='ltr'>fecit</span> <span class='ocrx_word' id='word_1_213' title='bbox 1344 2574 1466 2622; x_wconf 92' lang='lat' dir='ltr'>sicut</span> <span class='ocrx_word' id='word_1_214' title='bbox 1512 2587 1597 2634; x_wconf 93' lang='lat' dir='ltr'>per</span> <span class='ocrx_word' id='word_1_215' title='bbox 1642 2574 1820 2617; x_wconf 85' lang='lat' dir='ltr'>cartam</span> <span class='ocrx_word' id='word_1_216' title='bbox 1866 2568 2036 2615; x_wconf 84' lang='lat' dir='ltr'>exinde</span> <span class='ocrx_word' id='word_1_217' title='bbox 2077 2567 2336 2615; x_wconf 87' lang='lat' dir='ltr'>confectam</span> <span class='ocrx_word' id='word_1_218' title='bbox 2378 2566 2503 2614; x_wconf 88' lang='lat' dir='ltr'>clare</span> 
     </span>
     <span class='ocr_line' id='line_1_23' title="bbox 588 2654 2502 2731; baseline -0.01 -13"><span class='ocrx_word' id='word_1_219' title='bbox 588 2675 805 2719; x_wconf 84' lang='lat' dir='ltr'>constare</span> <span class='ocrx_word' id='word_1_220' title='bbox 853 2667 1030 2731; x_wconf 87' lang='lat' dir='ltr'>poterit</span> <span class='ocrx_word' id='word_1_221' title='bbox 1068 2693 1078 2702; x_wconf 92' lang='lat'><strong>·</strong></span> <span class='ocrx_word' id='word_1_222' title='bbox 1119 2692 1128 2701; x_wconf 90' lang='lat'><strong>·</strong></span> <span class='ocrx_word' id='word_1_223' title='bbox 1167 2691 1177 2701; x_wconf 87' lang='lat'><strong>·</strong></span> <span class='ocrx_word' id='word_1_224' title='bbox 1215 2664 1280 2710; x_wconf 89' lang='lat' dir='ltr'>Et</span> <span class='ocrx_word' id='word_1_225' title='bbox 1331 2661 1442 2725; x_wconf 90' lang='lat' dir='ltr'>quia</span> <span class='ocrx_word' id='word_1_226' title='bbox 1491 2659 1645 2706; x_wconf 90' lang='lat' dir='ltr'>dictus</span> <span class='ocrx_word' id='word_1_227' title='bbox 1691 2658 1936 2720; x_wconf 91' lang='lat' dir='ltr'>episcopus</span> <span class='ocrx_word' id='word_1_228' title='bbox 1981 2659 2034 2702; x_wconf 92' lang='lat' dir='ltr'>ut</span> <span class='ocrx_word' id='word_1_229' title='bbox 2079 2655 2265 2702; x_wconf 90' lang='lat' dir='ltr'>dicebat</span> <span class='ocrx_word' id='word_1_230' title='bbox 2311 2654 2502 2702; x_wconf 89' lang='lat' dir='ltr'>nimium</span> 
     </span>
     <span class='ocr_line' id='line_1_24' title="bbox 587 2743 2502 2820; baseline -0.01 -13"><span class='ocrx_word' id='word_1_231' title='bbox 587 2759 752 2807; x_wconf 86' lang='lat' dir='ltr'>extitit</span> <span class='ocrx_word' id='word_1_232' title='bbox 792 2760 1016 2820; x_wconf 85' lang='lat' dir='ltr'>grauatus</span> <span class='ocrx_word' id='word_1_233' title='bbox 1054 2757 1248 2817; x_wconf 89' lang='lat' dir='ltr'>propter</span> <span class='ocrx_word' id='word_1_234' title='bbox 1288 2764 1479 2811; x_wconf 85' lang='lat' dir='ltr'>magnas</span> <span class='ocrx_word' id='word_1_235' title='bbox 1519 2752 1568 2795; x_wconf 90' lang='lat' dir='ltr'>et</span> <span class='ocrx_word' id='word_1_236' title='bbox 1609 2747 1818 2794; x_wconf 90' lang='lat' dir='ltr'>diuersas</span> <span class='ocrx_word' id='word_1_237' title='bbox 1862 2743 2186 2807; x_wconf 87' lang='lat' dir='ltr'>reparaciones</span> <span class='ocrx_word' id='word_1_238' title='bbox 2226 2747 2321 2789; x_wconf 84' lang='lat' dir='ltr'>tam</span> <span class='ocrx_word' id='word_1_239' title='bbox 2364 2757 2502 2804; x_wconf 89' lang='lat' dir='ltr'>super</span> 
     </span>
     <span class='ocr_line' id='line_1_25' title="bbox 584 2831 2496 2901; baseline -0.01 -6"><span class='ocrx_word' id='word_1_240' title='bbox 584 2848 714 2896; x_wconf 92' lang='lat' dir='ltr'>dicta</span> <span class='ocrx_word' id='word_1_241' title='bbox 762 2844 964 2893; x_wconf 88' lang='lat' dir='ltr'>ecclesia</span> <span class='ocrx_word' id='word_1_242' title='bbox 1013 2841 1319 2890; x_wconf 90' lang='lat' dir='ltr'>Brechinensi</span> <span class='ocrx_word' id='word_1_243' title='bbox 1370 2853 1508 2901; x_wconf 86' lang='lat' dir='ltr'>quam</span> <span class='ocrx_word' id='word_1_244' title='bbox 1557 2834 1751 2883; x_wconf 89' lang='lat' dir='ltr'>edificiis</span> <span class='ocrx_word' id='word_1_245' title='bbox 1797 2831 2139 2896; x_wconf 87' lang='lat' dir='ltr'>episcopalibus</span> <span class='ocrx_word' id='word_1_246' title='bbox 2187 2846 2279 2877; x_wconf 91' lang='lat' dir='ltr'>non</span> <span class='ocrx_word' id='word_1_247' title='bbox 2327 2834 2496 2893; x_wconf 87' lang='lat' dir='ltr'>potens</span> 
     </span>
     <span class='ocr_line' id='line_1_26' title="bbox 586 2917 2499 2997; baseline -0.011 -13"><span class='ocrx_word' id='word_1_248' title='bbox 586 2937 764 2984; x_wconf 87' lang='lat' dir='ltr'>dictum</span> <span class='ocrx_word' id='word_1_249' title='bbox 789 2931 1082 2997; x_wconf 91' lang='lat' dir='ltr'>capellanum</span> <span class='ocrx_word' id='word_1_250' title='bbox 1106 2934 1206 2977; x_wconf 84' lang='lat' dir='ltr'>tam</span> <span class='ocrx_word' id='word_1_251' title='bbox 1230 2927 1325 2975; x_wconf 90' lang='lat' dir='ltr'>cito</span> <span class='ocrx_word' id='word_1_252' title='bbox 1349 2930 1402 2973; x_wconf 87' lang='lat' dir='ltr'>ut</span> <span class='ocrx_word' id='word_1_253' title='bbox 1426 2940 1543 2988; x_wconf 91' lang='lat' dir='ltr'>opus</span> <span class='ocrx_word' id='word_1_254' title='bbox 1566 2927 1667 2970; x_wconf 85' lang='lat' dir='ltr'>erat</span> <span class='ocrx_word' id='word_1_255' title='bbox 1691 2937 1752 2969; x_wconf 84' lang='lat' dir='ltr'>ex</span> <span class='ocrx_word' id='word_1_256' title='bbox 1774 2921 1870 2969; x_wconf 94' lang='lat' dir='ltr'>suis</span> <span class='ocrx_word' id='word_1_257' title='bbox 1893 2918 2092 2983; x_wconf 90' lang='lat' dir='ltr'>propriis</span> <span class='ocrx_word' id='word_1_258' title='bbox 2127 2919 2322 2965; x_wconf 86' lang='lat' dir='ltr'>fundare</span> <span class='ocrx_word' id='word_1_259' title='bbox 2347 2917 2499 2980; x_wconf 91' lang='lat' dir='ltr'>capel-</span> 
     </span>
     <span class='ocr_line' id='line_1_27' title="bbox 585 3005 2502 3078; baseline -0.011 -5"><span class='ocrx_word' id='word_1_260' title='bbox 585 3025 760 3073; x_wconf 89' lang='lat' dir='ltr'>laniam</span> <span class='ocrx_word' id='word_1_261' title='bbox 796 3023 937 3070; x_wconf 87' lang='lat' dir='ltr'>beate</span> <span class='ocrx_word' id='word_1_262' title='bbox 964 3019 1118 3066; x_wconf 89' lang='lat' dir='ltr'>Marie</span> <span class='ocrx_word' id='word_1_263' title='bbox 1146 3011 1427 3078; x_wconf 88' lang='lat' dir='ltr'>Magdalene</span> <span class='ocrx_word' id='word_1_264' title='bbox 1467 3014 1524 3059; x_wconf 89' lang='lat' dir='ltr'>de</span> <span class='ocrx_word' id='word_1_265' title='bbox 1558 3011 1701 3058; x_wconf 85' lang='lat' dir='ltr'>Erret</span> <span class='ocrx_word' id='word_1_266' title='bbox 1726 3006 2054 3056; x_wconf 89' lang='lat' dir='ltr'>Brechinensis</span> <span class='ocrx_word' id='word_1_267' title='bbox 2078 3005 2290 3054; x_wconf 87' lang='lat' dir='ltr'>dioecesis</span> <span class='ocrx_word' id='word_1_268' title='bbox 2313 3006 2373 3052; x_wconf 89' lang='lat' dir='ltr'>ad</span> <span class='ocrx_word' id='word_1_269' title='bbox 2407 3005 2502 3052; x_wconf 93' lang='lat' dir='ltr'>col-</span> 
     </span>
     <span class='ocr_line' id='line_1_28' title="bbox 582 3092 2499 3174; baseline -0.012 -12"><span class='ocrx_word' id='word_1_270' title='bbox 582 3114 813 3162; x_wconf 89' lang='lat' dir='ltr'>lacionem</span> <span class='ocrx_word' id='word_1_271' title='bbox 838 3108 1152 3174; x_wconf 90' lang='lat' dir='ltr'>prouisionem</span> <span class='ocrx_word' id='word_1_272' title='bbox 1173 3109 1222 3153; x_wconf 87' lang='lat' dir='ltr'>et</span> <span class='ocrx_word' id='word_1_273' title='bbox 1239 3102 1551 3153; x_wconf 90' lang='lat' dir='ltr'>omnimodam</span> <span class='ocrx_word' id='word_1_274' title='bbox 1569 3096 1924 3161; x_wconf 88' lang='lat' dir='ltr'>disposicionem</span> <span class='ocrx_word' id='word_1_275' title='bbox 1943 3093 2149 3157; x_wconf 89' lang='lat' dir='ltr'>episcopi</span> <span class='ocrx_word' id='word_1_276' title='bbox 2173 3092 2499 3140; x_wconf 87' lang='lat' dir='ltr'>Brechinensis</span> 
     </span>
     <span class='ocr_line' id='line_1_29' title="bbox 583 3179 2497 3267; baseline -0.014 -16"><span class='ocrx_word' id='word_1_277' title='bbox 583 3203 663 3267; x_wconf 91' lang='lat' dir='ltr'>qui</span> <span class='ocrx_word' id='word_1_278' title='bbox 687 3217 773 3264; x_wconf 90' lang='lat' dir='ltr'>pro</span> <span class='ocrx_word' id='word_1_279' title='bbox 797 3204 1013 3261; x_wconf 89' lang='lat' dir='ltr'>tempore</span> <span class='ocrx_word' id='word_1_280' title='bbox 1035 3194 1179 3242; x_wconf 86' lang='lat' dir='ltr'>fuerit</span> <span class='ocrx_word' id='word_1_281' title='bbox 1203 3192 1343 3256; x_wconf 89' lang='lat' dir='ltr'>pleno</span> <span class='ocrx_word' id='word_1_282' title='bbox 1373 3190 1479 3251; x_wconf 85' lang='lat' dir='ltr'>jure</span> <span class='ocrx_word' id='word_1_283' title='bbox 1503 3188 1795 3250; x_wconf 84' lang='lat' dir='ltr'>spectantem</span> <span class='ocrx_word' id='word_1_284' title='bbox 1820 3182 1952 3230; x_wconf 90' lang='lat' dir='ltr'>cuius</span> <span class='ocrx_word' id='word_1_285' title='bbox 1969 3179 2195 3244; x_wconf 83' lang='lat' dir='ltr'>capellam</span> <span class='ocrx_word' id='word_1_286' title='bbox 2220 3179 2405 3227; x_wconf 88' lang='lat' dir='ltr'>nouiter</span> <span class='ocrx_word' id='word_1_287' title='bbox 2427 3196 2497 3226; x_wconf 91' lang='lat' dir='ltr'>re-</span> 
     </span>
     <span class='ocr_line' id='line_1_30' title="bbox 578 3267 2497 3351; baseline -0.014 -12"><span class='ocrx_word' id='word_1_288' title='bbox 578 3288 820 3339; x_wconf 86' lang='lat' dir='ltr'>edificauit</span> <span class='ocrx_word' id='word_1_289' title='bbox 843 3286 1026 3351; x_wconf 87' lang='lat' dir='ltr'>prefato</span> <span class='ocrx_word' id='word_1_290' title='bbox 1050 3281 1293 3346; x_wconf 87' lang='lat' dir='ltr'>capellano</span> <span class='ocrx_word' id='word_1_291' title='bbox 1330 3278 1378 3324; x_wconf 92' lang='lat' dir='ltr'>in</span> <span class='ocrx_word' id='word_1_292' title='bbox 1416 3276 1543 3324; x_wconf 89' lang='lat' dir='ltr'>dicto</span> <span class='ocrx_word' id='word_1_293' title='bbox 1580 3271 1777 3322; x_wconf 89' lang='lat' dir='ltr'>seruicio</span> <span class='ocrx_word' id='word_1_294' title='bbox 1812 3286 1896 3334; x_wconf 89' lang='lat' dir='ltr'>pro</span> <span class='ocrx_word' id='word_1_295' title='bbox 1930 3272 2156 3332; x_wconf 87' lang='lat' dir='ltr'>perpetuo</span> <span class='ocrx_word' id='word_1_296' title='bbox 2180 3267 2497 3315; x_wconf 81' lang='lat' dir='ltr'>ministratum</span> 
     </span>
    </p>
   </div>
  </div>
 </body>
</html>
