2950 3970
649 617 1115 672 REGISTRUM
1152 619 1695 678 EPISOOPATUS
1735 625 2325 685 BREOHINENSIS.
2377 631 2449 685 33

622 834 630 842 -
667 821 761 853 non
796 806 1083 855 cancellatas
1122 836 1130 844 -
1171 837 1180 845 ·
1218 835 1227 844 ·
1265 809 1547 859 intellixisse
1590 813 1649 859 ad
1693 812 1880 875 plenum
1915 814 1963 861 in
1986 815 2073 862 hec
2114 817 2255 864 verba
2293 845 2301 854 ·
2339 818 2447 864 Om-

517 894 655 942 nibus
678 894 824 943 Cristi
859 895 1075 944 fidelibus
1111 898 1170 944 ad
1213 914 1408 962 quorum
1432 899 1659 948 noticiam
1695 905 1940 964 presentes
1974 902 2110 951 litere
2149 905 2445 967 peruenerint

517 982 765 1031 Johannes
800 984 858 1031 de
897 983 1100 1032 Erskine
1125 986 1260 1034 miles
1284 987 1498 1036 dominus
1539 989 1597 1036 de
1639 989 1750 1036 Dun
1788 989 1986 1038 salutem
2028 991 2075 1038 in
2112 992 2316 1040 Domino
2352 1009 2450 1041 ves—

516 1076 595 1119 tra
618 1072 804 1120 nouerit
829 1072 1113 1122 uniuersitas
1137 1076 1261 1137 quod
1298 1076 1407 1139 quia
1442 1077 1634 1140 concepi
1674 1079 1798 1140 quod
1833 1079 2154 1141 progenitores
2177 1081 2268 1127 mei
2293 1082 2450 1127 vendi-

518 1165 747 1208 cauerunt
783 1162 907 1225 quod
943 1161 1192 1225 episcopus
1228 1163 1559 1213 Brechinensis
1594 1170 1642 1212 et
1677 1166 1890 1215 homines
1925 1168 1995 1215 sui
2031 1174 2375 1217 commorantes
2399 1171 2445 1216 in

517 1250 658 1298 terris
699 1250 910 1314 episcopi
951 1251 1010 1299 de
1053 1251 1326 1314 Eglisjhone
1367 1253 1490 1300 infra
1529 1254 1769 1302 baroniam
1813 1259 1861 1302 et
1904 1255 2157 1302 dominium
2197 1273 2349 1304 meum
2388 1259 2444 1304 de

519 1339 634 1387 Dun
671 1339 796 1387 infra
833 1340 1218 1388 vicecomitatum
1254 1342 1312 1388 de
1350 1342 1518 1389 Forfar
1551 1343 1612 1389 ad
1647 1347 1826 1392 sectam
1865 1344 1991 1391 curie
2031 1345 2088 1391 de
2127 1345 2238 1392 Dun
2272 1346 2446 1392 facien—

518 1429 626 1476 dam
651 1444 708 1476 ac
731 1429 792 1476 ad
826 1429 1029 1477 seruicia
1067 1430 1229 1478 debita
1267 1434 1315 1478 et
1353 1435 1579 1479 consueta
1612 1432 1898 1479 tenebantur
1933 1437 1981 1480 et
2013 1434 2073 1479 ad
2108 1434 2195 1480 hec
2229 1433 2445 1481 facienda

518 1517 865 1581 compellebant
901 1518 1029 1581 ipsos
1066 1522 1115 1566 et
1152 1519 1473 1567 amerciabant
1511 1523 1560 1567 et
1598 1521 1977 1583 superioritatem
2002 1537 2053 1569 se
2077 1521 2249 1569 habere
2274 1522 2444 1569 clama-

516 1606 634 1653 bant
673 1635 682 1643 ·
721 1606 825 1669 Ego
848 1623 960 1654 vero
984 1607 1250 1655 consimilia
1273 1608 1476 1656 seruicia
1498 1609 1641 1656 michi
1677 1610 1837 1657 deberi
1871 1611 1930 1657 ab
1967 1610 2185 1673 episcopo
2209 1614 2258 1658 et
2281 1610 2445 1658 incolis

515 1694 614 1743 suis
651 1696 710 1743 de
751 1695 1028 1758 Eglisjhone
1067 1700 1116 1744 et
1154 1696 1535 1759 superioritatem
1572 1698 1817 1745 vendicaui
1856 1726 1865 1735 ·
1903 1699 2026 1753 Quia
2048 1702 2206 1746 tamen
2231 1698 2443 1746 dominus

514 1783 636 1831 bone
661 1784 886 1832 memorie
910 1785 1183 1848 progenitor
1204 1802 1339 1835 meus
1357 1786 1572 1834 dominus
1591 1787 1794 1835 Thomas
1813 1787 1870 1834 de
1892 1787 2091 1835 Erskine
2111 1787 2267 1834 omnia
2284 1787 2442 1834 huius-

515 1873 643 1920 modi
667 1877 826 1922 sectas
860 1877 909 1921 et
945 1874 1149 1921 seruicia
1172 1891 1376 1922 annuum
1403 1875 1638 1922 redditum
1663 1891 1915 1923 auenarum
1952 1879 1999 1922 et
2036 1890 2323 1938 quecumque
2347 1875 2440 1922 alia
2496 1938 2498 1941 .

514 1962 616 2009 fieri
640 1965 868 2010 consueta
903 1979 988 2026 per
1022 1963 1149 2026 ipsos
1173 1963 1420 2027 episcopos
1457 1963 1531 2011 vel
1567 1964 1778 2011 homines
1815 1964 1960 2026 ipsius
1998 1963 2251 2010 deuocione
2288 1967 2442 2011 motus

515 2051 737 2115 episcopo
774 2052 1084 2101 Brechinensi
1120 2056 1170 2100 et
1205 2053 1553 2101 successoribus
1577 2052 1673 2100 suis
1707 2052 1754 2098 in
1790 2052 1888 2099 vita
1922 2068 2007 2100 sua
2041 2051 2218 2099 remisit
2254 2055 2302 2098 et
2338 2067 2445 2099 con-

515 2141 711 2188 donauit
747 2157 803 2188 ac
839 2141 1198 2204 quiteclamauit
1233 2157 1319 2205 pro
1354 2157 1405 2189 se
1440 2141 1691 2189 heredibus
1725 2141 1822 2189 suis
1856 2145 1904 2188 et
1938 2140 2186 2202 assignatis
2231 2156 2315 2203 pro
2351 2156 2442 2202 qna

514 2230 788 2278 remissione
825 2234 874 2278 et
910 2229 1262 2278 condonacione
1301 2230 1548 2293 episcopus
1583 2229 1663 2292 qui
1697 2245 1782 2292 pro
1816 2234 2027 2292 tempore
2061 2229 2202 2275 fuerit
2244 2228 2442 2275 debebat

512 2319 671 2367 facere
717 2319 963 2367 annuatim
1012 2319 1250 2366 celebrare
1304 2318 1674 2366 anniuersarium
1721 2318 1840 2364 bone
1886 2318 2107 2365 memorie
2155 2316 2441 2364 dominorum

516 2408 718 2456 Roberti
744 2410 802 2456 de
828 2408 1033 2457 Erskine
1059 2407 1136 2455 aui
1161 2408 1253 2455 mei
1277 2423 1334 2454 ac
1358 2407 1537 2454 Thome
1573 2407 1631 2454 de
1668 2406 1870 2453 Erskine
1905 2405 2053 2469 patris
2087 2405 2178 2452 mei
2213 2404 2357 2452 semel
2391 2405 2437 2451 in

512 2513 636 2545 anno
661 2497 709 2544 in
734 2496 936 2545 ecclesia
959 2496 1221 2544 cathedrali
1248 2494 1554 2543 Brechinensi
1577 2510 1661 2558 per
1683 2493 1952 2556 capellanos
1975 2493 2103 2540 chori
2140 2493 2337 2540 dicendo
2361 2492 2435 2541 so-

512 2586 767 2650 lempniter
785 2586 832 2633 in
848 2586 1056 2649 vesperis
1083 2614 1092 2623 ·
1120 2584 1325 2632 Placebo
1341 2588 1389 2631 et
1407 2584 1572 2645 Dirigo
1611 2611 1619 2620 ·
1658 2583 1723 2630 Et
1738 2583 1786 2629 in
1802 2582 2007 2630 crastino
2024 2597 2162 2628 unam
2177 2581 2364 2629 missam
2381 2582 2437 2628 de
2467 2584 2471 2588 ’

513 2676 722 2739 requiem
747 2675 1036 2738 solempnem
1074 2674 1242 2737 quibus
1278 2672 1535 2736 capellanis
1566 2671 1812 2734 episcopus
1847 2671 1958 2717 dare
1992 2670 2168 2716 faceret
2204 2670 2261 2715 de
2296 2669 2438 2716 firmis

511 2769 746 2813 terrarum
781 2780 970 2812 suarum
1007 2764 1065 2810 de
1102 2761 1377 2824 Eglisjhone
1411 2760 1600 2808 termini
1636 2758 1798 2806 Sancti
1837 2757 2033 2804 Martini
2069 2758 2228 2803 decem
2264 2756 2437 2805 solidos

511 2858 702 2902 monete
751 2853 912 2902 Scotie
951 2880 960 2889 ·
999 2851 1103 2914 Ego
1149 2866 1259 2898 vero
1302 2850 1466 2896 eadem
1514 2846 1769 2894 deuocione
1814 2848 1969 2892 motus
2016 2845 2074 2892 ob
2122 2845 2435 2892 reuerenciam

513 2943 689 2991 Sancte
732 2941 984 2989 Trinitatis
1025 2944 1075 2988 et
1116 2944 1169 2986 ut
1209 2937 1436 2986 memoria
1475 2934 1821 2999 progenitorum
1867 2949 2076 2980 meorum
2122 2933 2435 2996 predictorum

511 3048 635 3080 anno
671 3030 883 3095 quolibet
919 3032 1136 3077 recenter
1175 3027 1408 3074 habeatur
1445 3053 1454 3062 ·
1491 3024 1563 3071 Ob
1599 3023 1742 3071 etiam
1778 3022 2072 3069 affectionem
2108 3037 2247 3084 quam
2286 3021 2436 3068 habeo

509 3122 570 3169 ad
595 3120 906 3168 reuerendum
941 3118 990 3164 in
1026 3116 1184 3164 Cristo
1208 3118 1391 3178 patrem
1427 3111 1663 3159 dominum
1691 3109 1957 3157 Walterum
1996 3109 2092 3156 Dei
2127 3109 2280 3171 gratia
2313 3126 2434 3156 nunc

510 3209 782 3273 episcopum
821 3206 1187 3255 Brechinensem
1236 3200 1570 3266 quitumclamo
1625 3199 1837 3247 condono
1882 3201 1931 3245 et
1978 3197 2169 3245 remitto
2223 3198 2435 3260 predicto

509 3298 700 3348 domino
741 3297 963 3360 episcopo
1001 3299 1050 3342 et
1088 3290 1436 3341 successoribus
1473 3289 1569 3336 suis
1606 3287 1948 3351 imperpetuum
1977 3302 2062 3348 pro
2085 3302 2158 3333 me
2183 3290 2232 3333 et
2256 3286 2434 3333 heredi·

1516 3377 1544 3422 5
