2950 3970
489 640 598 694 100
669 641 1130 698 REGISTRUM
1167 643 1703 701 EPISCOPATUS
1744 641 2334 697 BRECHINENSIS.

494 828 617 876 enim
658 845 820 878 omnes
874 835 923 878 et
979 832 1185 894 singulos
1223 834 1302 896 qui
1341 835 1399 880 de
1437 837 1597 880 cetero
1635 835 1802 879 contra
1840 830 2104 879 huiusmodi
2146 829 2416 876 inhibition-

493 932 567 964 em
609 922 817 965 nostram
861 919 984 967 bona
1023 919 1284 982 aliquorum
1317 920 1657 984 Episcoporum
1691 918 1767 966 vel
1799 917 2084 982 prelatorum
2124 918 2239 965 dicti
2264 917 2416 979 Regni

494 1005 716 1069 deinceps
777 1007 1104 1055 decedentium
1163 1024 1328 1071 rapere
1384 1007 1458 1055 vel
1513 1023 1737 1071 usurpare
1778 1006 2146 1070 presumpserint
2184 1033 2194 1043 ·
2230 1004 2416 1053 etiamsi

493 1093 758 1142 huiusmodi
782 1100 1131 1159 presumptores
1154 1096 1297 1159 regali
1335 1096 1409 1143 vel
1439 1096 1606 1160 quauis
1628 1095 1724 1143 alia
1745 1094 2039 1158 prefulgeant
2063 1093 2291 1156 dignitate
2315 1108 2418 1140 sen-

493 1182 694 1230 tentiam
720 1183 1223 1233 excommunicationis
1248 1185 1486 1232 incurrere
1517 1184 1811 1232 decernimus
1834 1199 1891 1231 eo
1915 1183 2016 1246 ipso
2043 1210 2053 1220 ·
2080 1182 2129 1230 A
2154 1198 2245 1246 qua
2269 1181 2418 1229 nulla-

496 1274 635 1318 tenus
650 1275 809 1333 preter
831 1287 970 1334 quam
986 1272 1034 1319 in
1049 1273 1215 1321 mortis
1229 1272 1431 1320 articulo
1454 1272 1636 1336 possint
1659 1270 1842 1320 absolui
1869 1298 1879 1310 ·
1908 1270 2011 1319 Nisi
2034 1271 2164 1334 prius
2188 1271 2310 1319 bona
2333 1286 2418 1335 per

495 1374 576 1406 eos
613 1359 681 1406 sic
718 1364 856 1423 rapta
891 1359 966 1407 vel
1003 1365 1229 1424 usurpata
1266 1365 1431 1409 contra
1471 1360 1796 1408 inhibitionem
1823 1359 2089 1408 huiusmodi
2123 1359 2217 1409 illis
2250 1360 2419 1424 quibus

495 1448 552 1494 de
571 1447 676 1508 jure
702 1447 992 1496 debebantur
1014 1448 1194 1511 integre
1218 1449 1511 1498 restituerint
1535 1465 1641 1497 cum
1664 1447 1836 1497 effectu
1872 1476 1883 1486 ·
1922 1447 2050 1496 Nulli
2085 1465 2194 1511 ergo
2229 1450 2418 1497 omnino

495 1536 733 1583 hominum
780 1536 921 1584 liceat
968 1538 1089 1584 hanc
1135 1538 1352 1601 paginam
1411 1542 1573 1587 nostre
1619 1537 1914 1586 inhibitionis
1963 1541 2012 1585 et
2063 1534 2417 1587 coiistitutionis

495 1624 743 1687 infringere
767 1625 842 1673 vel
875 1626 920 1672 ei
953 1642 1069 1674 ausu
1103 1626 1355 1674 temerario
1378 1627 1613 1675 contraire
1650 1654 1661 1664 ·
1698 1626 1749 1673 Si
1773 1626 1877 1689 quis
1900 1630 2059 1673 autem
2093 1626 2183 1674 hoc
2216 1630 2420 1690 attemp-

495 1718 598 1760 tare
623 1714 960 1777 presumpserit
982 1714 1349 1777 indignationem
1375 1714 1712 1778 omnipotentis
1736 1714 1830 1762 Dei
1865 1718 1915 1762 et
1942 1714 2187 1762 beatorum
2213 1714 2344 1762 Petri
2368 1719 2417 1763 et

499 1802 634 1849 Pauli
671 1803 988 1865 apostolorum
1029 1803 1129 1852 eius
1166 1819 1216 1852 se
1239 1803 1425 1851 nouerit
1449 1803 1742 1852 incursurum
1779 1830 1790 1840 ·
1828 1801 2007 1850 Datum
2042 1803 2167 1865 apud
2197 1803 2417 1852 Auinion.

498 1890 614 1952 xiiij.
639 1890 734 1938 kal.
760 1890 939 1954 Aprilis
962 1891 1266 1954 pontificatus
1288 1891 1436 1940 nostri
1462 1907 1584 1938 anno
1609 1891 1774 1954 quinto
1811 1918 1821 1928 ·

563 1979 799 2027 Martinus
822 1979 1069 2043 episcopus
1093 1995 1256 2028 seruus
1279 1963 1520 2028 seruorum
1546 1979 1638 2027 Dei
1662 1978 2006 2028 venerabilibus
2028 1979 2254 2029 fratribus
2273 1981 2418 2029 Sanc-

492 2067 707 2115 tiandree
730 2071 779 2115 et
806 2067 1129 2116 Dunblanensi
1153 2067 1387 2130 episcopis
1410 2066 1612 2116 salutem
1637 2070 1686 2115 et
1710 2066 2018 2130 apostolicam
2043 2068 2417 2118 benedictionem

494 2156 684 2203 Credite
719 2155 853 2204 nobis
887 2155 1250 2219 dispensationis
1285 2172 1500 2218 urgemur
1533 2155 1686 2203 officio
1722 2159 1775 2202 ut
1799 2155 1879 2218 qui
1914 2155 2221 2218 dispositione
2257 2158 2417 2205 diuina

493 2244 675 2291 cunctis
699 2243 825 2292 orbis
847 2243 1059 2291 ecclesiis
1073 2243 1326 2306 potestatis
1348 2242 1640 2306 plenitudine
1655 2242 1947 2305 presidemus
1967 2246 2106 2292 tanto
2129 2244 2415 2307 prelatorum

492 2333 744 2380 eorundem
797 2347 1020 2379 excessus
1071 2331 1338 2379 feruencius
1374 2332 1605 2393 corrigere
1665 2331 1938 2379 studeamus
1975 2358 1985 2368 ·
2023 2332 2213 2387 Quanto
2259 2333 2416 2397 plures

492 2436 651 2467 eorum
698 2423 1058 2482 corrumpuntur
1103 2418 1321 2482 exemplo
1368 2419 1409 2467 si
1455 2422 1700 2466 remanent
1737 2419 1989 2467 incorrecti
2028 2421 2089 2467 ad
2126 2422 2414 2471 audientiam

492 2509 721 2571 siquidem
744 2512 954 2556 nostram
979 2499 1046 2555 ex*
1064 2506 1294 2556 carissimi
1310 2507 1358 2554 in
1374 2507 1532 2555 Cristo
1555 2506 1638 2554 filii
1655 2507 1806 2555 nostri
1822 2507 1856 2554 J
1859 2508 1996 2555 acobi
2020 2509 2142 2572 regis
2166 2510 2414 2559 Scotorum

492 2596 687 2645 illustris
724 2596 952 2644 relatione
993 2595 1210 2659 peruenit
1248 2596 1372 2658 quod
1418 2594 1700 2644 venerabilis
1738 2595 1887 2643 frater
1918 2596 2128 2659 Fynlaus
2167 2598 2415 2663 episcopus

492 2685 793 2747 Ergadiensis
815 2684 935 2733 alias
960 2683 1271 2732 Lismorensis
1292 2683 1480 2746 proprie
1517 2683 1685 2732 salutis
1724 2684 1968 2732 immemor
2003 2701 2060 2732 ac
2102 2686 2196 2734 Dei
2245 2688 2413 2736 timore

489 2773 753 2836 postposito
776 2777 942 2820 contra
966 2772 1175 2820 debitum
1478 2770 1618 2819 officii
1642 2770 1895 2834 pastoralis
1918 2773 2155 2823 nonnullis
2175 2775 2414 2825 seditiosis

489 2861 806 2924 proditoribus
845 2864 894 2908 et
937 2859 1122 2907 notorie
1168 2858 1423 2907 rebellibus
1467 2858 1616 2922 ipsius
1661 2858 1784 2922 regis
1829 2860 2061 2909 adherens
2106 2861 2200 2910 illis
2247 2869 2414 2912 contra

487 2953 663 2997 statum
701 2965 834 2997 suum
867 2952 916 2995 et
955 2947 1083 3010 regni
1121 2947 1193 2996 sui
1243 2945 1499 2994 multifarie
1532 2946 1844 2995 machinando
1897 2948 2142 2996 consilium
2183 2952 2410 3000 auxilium

489 3037 618 3084 dedit
642 3041 692 3084 et
713 3037 922 3084 fauorem
947 3036 1215 3099 crimenque
1253 3034 1617 3083 lesemaiestatis
1639 3034 1688 3082 in
1716 3035 1893 3098 Regem
1930 3036 2082 3100 ipsum
2120 3041 2355 3097 commisit
2399 3071 2409 3080 -

486 3127 557 3172 Ac
591 3125 715 3172 idem
742 3124 951 3187 Fynlaus
974 3139 1078 3171 cum
1102 3123 1301 3187 prefatis
1321 3122 1639 3187 proditoribus
1661 3126 1712 3171 et
1735 3123 1989 3173 rebellibus
2024 3126 2082 3173 de
2117 3127 2246 3176 dicto
2269 3145 2412 3192 regno

481 3216 674 3276 propter
706 3213 796 3260 hoc
818 3212 997 3274 aufugit
1021 3216 1071 3259 et
1094 3227 1226 3260 suam
1261 3210 1451 3274 reliquit
1485 3209 1732 3260 ecclesiam
1769 3212 1974 3275 pastoris
2009 3213 2179 3264 solatio
2214 3217 2414 3266 destitu-

481 3305 579 3348 tam
605 3301 662 3348 de
687 3309 782 3349 suo'
804 3299 959 3347 reditu
981 3300 1042 3348 ad
1077 3299 1205 3347 illam
1245 3303 1475 3362 perpetuo
1511 3299 1788 3362 desperatus
1825 3300 2054 3365 Quodque
2090 3308 2285 3367 propter
2306 3322 2412 3369 pre-
