2950 3970
563 630 1031 686 REGISTRUM
1070 633 1605 692 EPISCOPATUS
1646 639 2238 697 BRECHINENSIS.
2290 644 2395 697 153

458 822 584 866 trum
609 819 642 865 J
646 819 877 867 ohannem
906 820 1135 869 Willelmi
1164 824 1443 886 Magistrum
1468 825 1514 872 in
1539 827 1721 875 artibus
1744 831 1793 875 et
1816 827 2131 875 bacalaurium
2157 830 2204 877 in
2228 800 2387 878 decre-

457 907 522 955 tis
557 923 614 955 ac
650 907 896 955 officialem
920 909 1185 971 generalem
1211 912 1576 962 Brechinensem
1614 942 1625 951 ·
1662 916 1737 962 Ad
1763 914 2075 978 incipiendum
2110 917 2384 965 continuan-

456 997 567 1043 dum
593 999 642 1044 et
667 996 995 1060 complendum
1034 1000 1192 1048 omnia
1223 1017 1313 1064 que
1336 1003 1517 1064 agenda
1540 1008 1675 1052 erant
1714 1003 1762 1051 in
1799 1003 1881 1051 illa
1904 1004 1980 1052 die
2017 1008 2066 1052 et
2105 1005 2383 1053 desiderium

454 1085 593 1134 huius
628 1086 723 1134 diei
747 1102 838 1150 que
867 1088 1048 1150 agenda
1070 1092 1234 1151 patent
1259 1089 1305 1136 in
1326 1091 1525 1153 quodam
1547 1090 1857 1140 instrumento
1880 1091 2063 1155 signato
2087 1093 2300 1141 manibus
2334 1098 2382 1140 et

453 1173 598 1255 signis
632 1174 793 1222 Dauid
830 1177 1020 1224 Andree
1065 1178 1328 1241 presbyteri
1365 1179 1430 1226 Et
1467 1178 1732 1227 Alexandri
1780 1180 1957 1228 Thome
2003 1180 2146 1228 etiam
2192 1181 2380 1243 presby-

451 1262 544 1310 teri
583 1263 918 1313 Brechinensis
955 1265 1170 1314 dioecesis
1206 1267 1495 1315 notariorum
1549 1266 1839 1330 publicorum
1874 1269 1933 1315 de
1968 1269 2081 1316 data
2114 1268 2251 1331 primi
2286 1269 2378 1314 diei

450 1352 625 1401 mensis
663 1353 830 1401 Martii
864 1370 989 1402 anno
1023 1354 1236 1418 predicto
1270 1357 1394 1419 quod
1430 1356 1789 1405 instrumentum
1823 1355 2056 1419 publicum
2094 1356 2264 1403 ibidem
2289 1356 2378 1403 fuit

452 1441 713 1504 perlectum
739 1442 869 1491 dicto
894 1443 1082 1491 domino
1105 1443 1294 1491 officiali
1317 1445 1585 1507 presidente
1622 1473 1633 1483 ·
1671 1445 1775 1500 Quo
1808 1443 2017 1507 perlecto
2052 1444 2224 1491 virtute
2254 1442 2378 1491 illius

451 1530 752 1579 instrumenti
793 1535 990 1580 vocatus
1031 1537 1103 1580 est
1146 1532 1378 1595 Magister
1413 1533 1656 1582 Gilbertus
1691 1532 1947 1581 Foresterii
1981 1535 2188 1580 assertus
2227 1531 2377 1578 archi-

451 1619 677 1668 diaconus
701 1619 1035 1669 Brechinensis
1069 1621 1129 1668 ad
1166 1622 1527 1684 comparendum
1551 1621 1800 1669 videndum
1836 1624 1884 1667 et
1918 1617 2197 1667 audiendum
2221 1623 2375 1667 certos

448 1712 600 1757 testes
639 1708 848 1771 legitime
890 1709 1064 1758 citatos
1104 1710 1165 1757 ad
1208 1710 1385 1757 dictum
1423 1709 1546 1757 diem
1587 1709 1736 1771 jurari
1777 1713 1826 1756 et
1859 1709 1921 1755 ad
1961 1708 2281 1770 deponendum
2325 1708 2372 1754 in

448 1797 661 1846 materiis
684 1797 991 1861 sequentibus
1014 1814 1154 1862 super
1176 1797 1377 1846 materia
1400 1797 1718 1846 contrauersie
1747 1797 1870 1844 inter
1893 1795 2045 1843 dictos
2069 1796 2371 1842 reuerendum

447 1891 631 1950 patrem
655 1890 705 1935 et
729 1890 961 1935 assertum
986 1887 1367 1935 archidiaconum
1392 1886 1471 1950 qui
1494 1890 1569 1934 ter
1591 1889 1785 1933 vocatus
1809 1885 1887 1931 diu
1922 1887 1971 1931 et
2006 1899 2149 1946 usque
2174 1883 2232 1929 ad
2258 1884 2369 1930 duo·

447 1976 678 2023 decimam
702 1976 867 2024 horam
891 1975 966 2023 vel
989 1976 1175 2024 eocirca
1208 1979 1489 2039 expectatus
1522 1990 1606 2037 per
1639 1976 1952 2037 promotorem
1989 1971 2114 2019 curie
2147 1975 2368 2018 accusata

445 2070 519 2114 est
542 2066 644 2114 eius
667 2065 967 2113 contumacia
1004 2092 1013 2102 ·
1053 2065 1119 2113 Et
1143 2080 1200 2112 eo
1223 2080 1316 2112 non
1341 2066 1640 2126 comparente
1663 2076 1750 2108 nec
1773 2059 1930 2123 aliquo
1951 2074 2036 2123 pro
2058 2059 2159 2121 ipso
2183 2061 2369 2120 reputa-

443 2160 523 2203 tus
547 2158 620 2203 est
644 2157 903 2202 contumax
940 2157 990 2201 et
1026 2153 1075 2200 in
1112 2169 1280 2216 penam
1319 2150 1611 2199 contumacie
1635 2147 1902 2197 conclusum
1938 2151 2009 2195 est
2048 2145 2240 2194 ulterius
2262 2162 2367 2208 pro-

443 2245 611 2291 cedere
663 2243 920 2291 secundum
976 2242 1174 2290 formam
1234 2241 1349 2288 dicti
1408 2238 1704 2287 instrumenti
1752 2238 1809 2284 de
1856 2236 2005 2298 prima
2058 2235 2133 2281 die
2191 2236 2363 2281 mensis

444 2333 610 2380 Martii
649 2360 658 2370 ·
696 2331 885 2379 Deinde
923 2330 1135 2394 perlecta
1171 2333 1244 2378 est
1280 2329 1445 2376 citatio
1470 2326 1772 2390 quorumdam
1810 2325 1867 2371 de
1905 2323 2073 2370 Dunde
2098 2322 2167 2368 viz
2205 2338 2363 2368 vener-

439 2422 632 2469 abilium
659 2421 863 2468 virorum
890 2420 1225 2482 Magistrorum
1254 2417 1447 2464 Ricardi
1473 2417 1530 2463 de
1555 2414 1720 2476 Craige
1756 2414 1813 2460 de
1849 2412 2019 2459 Dunde
2052 2410 2278 2457 Willelmi
2303 2411 2360 2456 de

440 2510 626 2558 Cairnis
650 2510 709 2556 de
735 2508 1005 2571 Glammyss
1029 2507 1186 2554 Dauid
1215 2507 1257 2552 H
1266 2506 1358 2567 uyd
1395 2506 1452 2551 de
1489 2502 1813 2564 Luntrathyne
1848 2499 2122 2547 vicariorum
2146 2502 2362 2561 perpetu-

438 2615 572 2646 orum
597 2597 935 2661 Magistrorum
958 2596 991 2642 J
997 2595 1194 2643 ohannis
1217 2592 1351 2640 Ydill
1374 2596 1423 2639 et
1448 2589 1710 2638 Alexandri
1734 2587 1973 2637 Greinlaw
1996 2591 2045 2635 et
2069 2586 2358 2634 dominorum

438 2687 618 2734 Thome
643 2687 702 2734 de
728 2684 949 2733 Holande
972 2684 1006 2730 J
1010 2683 1207 2731 ohannis
1232 2683 1415 2744 Squyar
1438 2684 1486 2727 et
1510 2680 1542 2725 J
1548 2678 1742 2726 ohannis
1764 2675 1991 2722 willelmi
2010 2674 2355 2737 capellanorum

436 2778 497 2824 ad
544 2775 908 2839 comparendum
953 2772 1163 2836 presenti
1210 2771 1285 2817 (116
1331 2770 1391 2815 ad
1439 2766 1761 2830 deponendum
1813 2763 2049 2811 mediante
2089 2762 2356 2823 juramento

435 2881 576 2928 super
623 2864 767 2912 certis
811 2861 1025 2910 articulis
1070 2857 1460 2921 subsequentibus
1498 2883 1507 2892 ·
1545 2855 1695 2910 Quam
1743 2851 2014 2900 citationem
2061 2850 2260 2897 vidimus
2304 2854 2353 2897 et

433 2953 700 3002 audiuimus
741 2953 800 2999 de
840 2950 979 3012 longo
1019 2947 1194 3012 perlegi
1235 2945 1486 3008 sigillatam
1526 2941 1677 3004 sigillo
1718 2940 1918 2988 rotundo
1953 2939 2068 2986 dicti
2109 2938 2352 2984 reuerendi

432 3042 584 3106 patris
607 3045 657 3089 et
681 3039 835 3103 sigillo
859 3037 1036 3086 domini
1058 3037 1091 3083 J
1096 3034 1293 3082 ohannis
1318 3033 1394 3094 Gy
1418 3029 1647 3094 capellani
1671 3027 1936 3076 executoris
1959 3027 2005 3073 in
2030 3026 2348 3074 testimonium

433 3129 729 3178 executionis
768 3128 830 3175 ad
870 3127 993 3173 hanc
1032 3125 1154 3170 diem
1193 3150 1202 3159 ·
1241 3121 1420 3176 Quibus
1457 3117 1833 3181 comparentibus
1872 3120 1921 3163 et
1962 3113 2146 3178 publice
2179 3114 2352 3175 juratis

430 3218 691 3267 examinati
730 3219 840 3265 sunt
880 3212 1152 3276 singillatim
1200 3211 1246 3256 in
1293 3207 1596 3271 sequentibus
1644 3233 1653 3242 ·
1692 3205 1758 3251 Et
1805 3204 1953 3267 primo
1998 3202 2038 3250 si
2085 3201 2352 3264 capellanus

430 3305 714 3371 parochialis
752 3305 810 3352 de
849 3302 1026 3350 Dunde
1066 3298 1244 3361 recepit
1280 3295 1527 3359 quamdam
1562 3293 1769 3341 litteram
1805 3291 1978 3339 domini
2003 3289 2213 3338 officialis
2237 3290 2352 3335 Bre-

1374 3384 1439 3430 20
