2950 3970
644 621 1108 677 REGISTRUM
1146 623 1679 682 EPISOOPATUS
1718 629 2300 690 BRECHINENSIS.
2346 638 2416 692 29

416 911 444 938 ἐκ
509 899 808 947 Presentatio
831 900 1019 948 comitis
1042 899 1318 949 Craufurdie
1341 902 1643 952 canonicatus
1666 908 1715 952 et
1738 905 1971 968 prebende
1995 908 2052 955 de
2078 908 2284 958 Lethnot
2322 939 2331 948 ·

417 1074 484 1122 22
515 1044 836 1124 Reuerendo
871 1075 919 1122 in
955 1075 1112 1123 Cristo
1150 1076 1274 1138 patri
1313 1092 1370 1124 ac
1409 1077 1596 1125 domino
1637 1078 1826 1125 domino
1863 1077 2079 1126 Waltero
2117 1079 2419 1128 miseracione

509 1165 670 1213 diuina
715 1165 937 1228 episcopo
978 1163 1283 1212 Brechinensi
1321 1192 1331 1202 ·
1369 1163 1645 1212 Alexander
1681 1166 1929 1228 Lyndesay
1969 1181 2125 1215 comes
2165 1167 2222 1214 de
2264 1167 2421 1216 Craw-

506 1255 643 1302 furde
681 1282 691 1291 ·
730 1251 1050 1300 Reuerencias
1082 1252 1266 1314 debitas
1299 1256 1348 1300 et
1383 1253 1583 1301 honores
1606 1254 1681 1300 Ad
1706 1254 2030 1302 canonicatum
2056 1259 2105 1302 et
2138 1256 2418 1318 prebendam

509 1345 566 1391 de
591 1343 799 1407 Lethnot
824 1341 872 1388 in
895 1340 1097 1413 ecclesia
1126 1344 1284 1388 vestra
1318 1341 1622 1389 Brechinensi
1659 1342 1716 1389 de
1745 1342 1850 1402 jure
1874 1345 1923 1389 et
1947 1342 2003 1389 de
2026 1340 2153 1390 facto
2176 1348 2419 1391 vacantem

507 1449 592 1497 per
630 1435 828 1480 mortem
869 1429 1045 1478 domini
1093 1428 1323 1475 Willelmi
1363 1429 1564 1491 Wrycht
1604 1429 1757 1477 ultimi
1790 1430 2082 1492 prebendarii
2114 1431 2317 1479 eiusdem
2361 1433 2420 1479 ad

506 1525 718 1571 nostram
758 1517 1158 1583 presentationem
1194 1520 1486 1579 vestramque
1522 1515 1819 1564 collationem
1853 1521 2142 1580 spectantem
2178 1518 2416 1567 Dilectum

505 1609 900 1672 consanguineum
924 1610 1136 1655 nostrum
1153 1606 1390 1652 Andream
1415 1606 1472 1652 de
1497 1604 1662 1667 Ogilvy
1680 1605 1898 1652 clericum
1918 1605 2263 1654 Dunkeldensis
2287 1608 2412 1669 dyoe-

509 1714 672 1748 ceseos
693 1698 892 1746 latorem
918 1695 1205 1760 presentium
1229 1698 1382 1742 vestre
1406 1697 1728 1756 presentamus
1750 1693 2026 1756 paternitati
2062 1721 2072 1731 ·
2110 1694 2319 1741 Eandem
2351 1696 2416 1741 af-

507 1788 719 1835 fectuose
755 1787 1066 1849 deprecantes
1103 1786 1334 1846 quatenus
1368 1781 1546 1829 dictum
1584 1782 1818 1828 Andream
1859 1785 2174 1844 presentatum
2210 1786 2417 1829 nostrum

507 1881 616 1941 post
652 1875 860 1923 debitam
899 1872 1297 1921 examinationem
1335 1871 1392 1917 de
1430 1869 1629 1918 scientia
1651 1873 1700 1916 et
1724 1869 1928 1916 moribus
1965 1868 2109 1931 ipsius
2147 1869 2320 1916 factam
2355 1871 2415 1917 ad

510 1967 688 2014 dictum
720 1964 1049 2012 canonicatum
1087 1966 1135 2009 et
1171 1960 1454 2024 prebendam
1479 1959 1536 2005 de
1561 1957 1768 2005 Lethnot
1803 1957 1849 2004 in
1885 1957 2012 2004 dicta
2047 1956 2244 2004 ecclesia
2266 1962 2420 2005 vestra

510 2053 821 2103 Brechinensi
859 2051 1074 2099 caritatis
1109 2049 1284 2100 intuitu
1319 2047 1583 2096 admittatis
1618 2046 1858 2109 ipsumque
1898 2045 1946 2092 in
1970 2045 2254 2108 corporalem
2281 2049 2420 2108 atque

510 2144 685 2192 realem
708 2141 1051 2206 possessionem
1074 2139 1310 2186 fructuum
1345 2140 1393 2184 et
1429 2134 1765 2183 obuencionum
1789 2133 1995 2181 eiusdem
2027 2134 2258 2181 inducatis
2282 2138 2330 2180 et
2353 2134 2421 2180 in-

511 2231 724 2282 stituatis
758 2229 1120 2291 institutumque
1156 2227 1489 2288 inductumque
1524 2222 1744 2270 canonice
1780 2221 2040 2270 defendatis
2075 2221 2351 2284 stallumque
2375 2221 2423 2267 in

514 2324 656 2370 choro
680 2325 729 2368 et
753 2320 907 2367 locum
932 2318 980 2364 in
1005 2315 1211 2379 capitulo
1247 2314 1397 2361 eidem
1432 2312 1723 2374 assignantes
1759 2310 2125 2357 contradictores
2148 2309 2186 2357 si
2210 2309 2289 2372 qui
2323 2309 2416 2356 sint

513 2414 653 2474 prout
677 2409 810 2457 vobis
833 2405 1061 2454 incumbit
1085 2420 1145 2451 ex
1170 2402 1321 2450 officio
1345 2400 1520 2448 arctius
1543 2398 1878 2461 compescendo
1915 2424 1925 2434 ·
1962 2396 2020 2443 In
2039 2396 2168 2444 cuius
2186 2400 2423 2459 presenta-

514 2499 659 2548 tionis
676 2501 836 2545 nostre
854 2493 1174 2543 testimonium
1193 2489 1392 2553 sigillum
1411 2492 1616 2536 nostrum
1635 2486 1928 2550 presentibus
1945 2489 2016 2533 est
2035 2499 2286 2547 appensum
2303 2486 2425 2547 apud

517 2589 690 2636 Dunde
713 2589 851 2635 sexto
875 2584 952 2631 die
970 2581 1143 2630 mensis
1169 2578 1443 2627 Decembris
1476 2593 1598 2624 anno
1634 2574 1824 2623 Domini
1848 2572 2093 2621 millesimo
2117 2573 2420 2636 quadringen-

516 2678 686 2726 tesimo
722 2675 918 2724 decimo.
1335 2714 1370 2747 μ

520 2875 803 2925 Declaracio
825 2888 955 2922 more
980 2872 1038 2919 de
1064 2866 1298 2918 Fernwell
1320 2867 1405 2916 sub
1428 2863 1579 2927 sigillo
1604 2861 1888 2910 vicecomitis
1924 2887 1933 2898 ·

431 2985 496 3082 23
527 3002 674 3097 Tyn
709 3032 783 3081 all·
810 3034 893 3095 yat
929 3029 1003 3092 yir
1038 3027 1206 3074 lettres
1242 3022 1366 3070 heris
1402 3019 1494 3066 and
1530 3017 1634 3071 seis,
1676 3014 1946 3062 Alexander
1981 3012 2034 3060 of
2064 3011 2232 3074 Ogilby
2255 3011 2354 3058 lord
2379 3011 2431 3057 of

522 3122 875 3172 Ouchterhouss
897 3118 989 3166 and
1013 3114 1173 3164 schref
1190 3113 1243 3160 of
1260 3112 1457 3172 Anguss,
1479 3109 1674 3168 gretyng
1707 3103 1754 3149 in
1791 3102 1894 3149 God
1933 3116 1993 3163 ay
2016 3099 2198 3147 lestand
2223 3115 2293 3146 we
2317 3099 2424 3145 mak

522 3216 562 3262 a'
584 3211 774 3260 knawin
798 3207 976 3256 berand
1001 3204 1194 3254 witness
1226 3199 1283 3248 til
1317 3195 1658 3260 suythfastness
1683 3206 1735 3239 as
1757 3206 1830 3237 we
1854 3204 1955 3238 awe
1979 3189 2069 3235 ado
2094 3187 2146 3235 of
2175 3202 2258 3234 our
2280 3187 2423 3239 office,

521 3306 605 3365 yat
639 3297 867 3348 reuerend
901 3294 1046 3343 fathir
1081 3292 1128 3339 in
1166 3289 1271 3337 God
1307 3283 1507 3337 Walter,
1541 3281 1679 3329 throu
1715 3277 1896 3326 Goddis
1932 3275 2184 3324 sufferance
2215 3273 2432 3335 bischope
