2950 3970
536 642 646 697 126
698 640 1166 697 REGISTRUM
1203 638 1748 696 EPISCOPATUS
1788 637 2389 694 BREOHINENSIS.

537 831 695 880 nensis
733 831 1039 878 extendentis
1076 845 1238 879 versus
1276 829 1572 891 Drumgrane
1598 828 1724 877 inter
1746 832 1924 876 terram
1962 827 2200 876 «Iohannis
2235 827 2367 875 Grub
2411 843 2473 874 ex

540 923 676 982 parte
699 918 879 967 boreali
901 934 962 966 ex
986 923 1123 982 parte
1146 934 1241 966 una
1263 922 1312 966 et
1335 921 1513 966 terram
1551 917 1750 964 Roberti
1774 917 1832 964 de
1857 915 1962 964 Hill
2001 932 2062 964 ex
2102 920 2239 980 parte
2277 915 2474 965 australi

542 1025 603 1056 ex
626 1013 762 1072 parte
786 1008 939 1056 altera
975 1036 985 1045 ·
1023 1008 1147 1055 Item
1173 1005 1486 1070 quadraginta
1508 1004 1684 1054 solidos
1720 1003 1898 1054 usualis
1934 1008 2122 1053 monete
2146 1004 2307 1053 Scotie
2331 1004 2475 1052 annui

542 1098 754 1145 redditus
779 1098 837 1145 de
860 1100 1134 1144 tenemento
1158 1111 1264 1143 meo
1280 1095 1474 1158 jacente
1511 1110 1574 1141 ex
1611 1092 1897 1142 occidentali
1930 1096 2067 1156 parte
2096 1093 2213 1142 dicti
2236 1093 2327 1141 vici
2351 1093 2476 1141 inter

540 1190 715 1233 terram
742 1185 992 1233 Cuthberti
1019 1185 1154 1232 Rede
1172 1201 1234 1232 ex
1251 1187 1387 1247 parte
1404 1181 1584 1231 boreali
1608 1199 1670 1230 ex
1693 1185 1830 1246 parte
1848 1197 1943 1230 una
1965 1185 2015 1230 et
2038 1186 2215 1230 terram
2239 1182 2475 1246 quondam

544 1274 692 1321 Lielis
717 1274 842 1321 Blak
866 1289 927 1321 ex
951 1277 1088 1335 parte
1111 1272 1310 1321 australi
1327 1288 1396 1319 ex
1418 1275 1555 1335 parte
1579 1270 1733 1319 altera
1769 1299 1780 1307 -
1821 1270 1983 1319 Item'
1971 1286 2020 1318 1n
2042 1270 2190 1334 burgo
2213 1271 2272 1318 de
2298 1270 2476 1318 Dunde

545 1362 643 1423 xiij.
667 1362 843 1411 solidos
867 1364 953 1410 et
941 1362 1007 1424 1iij
1035 1361 1253 1409 denarios
1275 1360 1419 1408 annui
1443 1359 1658 1408 redditus
1679 1359 1739 1407 de
1763 1374 1857 1408 uno
1886 1363 2160 1408 tenemento
2184 1360 2309 1423 quod
2333 1375 2480 1424 quon-

543 1452 650 1498 dam
669 1451 759 1498 fuit
776 1450 1013 1499 «Iohannis
1030 1449 1236 1498 Walteri
1253 1449 1446 1511 jacente
1466 1464 1527 1496 ex
1545 1451 1682 1512 parte
1697 1446 1981 1496 occidentali
1998 1447 2179 1496 venelle
2197 1464 2287 1512 que
2306 1448 2480 1497 dicitur

542 1540 586 1586 le
624 1536 895 1603 Horswynd
934 1568 943 1577 ·
981 1540 1106 1587 Item
1145 1538 1193 1586 in
1227 1535 1360 1586 ¹dicto
1395 1538 1542 1600 burgo
1579 1538 1637 1584 de
1677 1540 1952 1585 tenemento
1995 1536 2030 1585 J
2033 1537 2234 1586 ohannis
2274 1537 2480 1587 Cardros

544 1630 706 1676 decem
747 1628 923 1677 solidos
963 1628 1106 1675 annui
1146 1627 1359 1675 redditus
1397 1655 1406 1663 ·
1445 1627 1571 1674 Item
1613 1626 1684 1673 in‘
1702 1626 1870 1674 eodem
1914 1626 2061 1690 burgo
2102 1626 2162 1674 de
2206 1629 2479 1675 tenemento

547 1717 766 1778 Symonis
781 1717 1019 1779 Littystar
1033 1715 1345 1779 quadraginta
1359 1714 1576 1763 denarios
1590 1714 1734 1762 annui
1751 1713 1965 1763 redditus
2001 1741 2012 1752 ·
2052 1714 2118 1762 Et
2135 1715 2194 1763 de
2206 1719 2479 1764 tenemento

548 1806 679 1853 Petri
699 1805 814 1853 Scot
832 1805 985 1867 xxxij.
1006 1804 1224 1852 denarios
1241 1803 1385 1851 annui
1403 1803 1616 1852 redditus
1654 1831 1664 1841 ·
1702 1803 1976 1851 Tenendum
1996 1807 2045 1851 et
2063 1803 2328 1852 habendum
2369 1833 2378 1843 ·
2417 1834 2428 1843 ·
2467 1834 2476 1843 -

547 1893 726 1940 dictum
785 1897 1109 1941 tenementum
1147 1920 1158 1931 ·
1198 1921 1208 1930 ·
1248 1921 1258 1930 ·
1295 1908 1402 1940 cum
1455 1920 1464 1929 -
1518 1920 1529 1930 ·
1578 1920 1587 1929 ·
1637 1892 1854 1955 predicto
1908 1908 2066 1941 annuo
2113 1893 2302 1942 redditu
2349 1895 2478 1943 dicto

547 1981 793 2044 capellano
826 1986 876 2030 et
913 1981 1264 2030 successoribus
1303 1980 1402 2030 suis
1443 1982 1503 2028 ad
1540 1981 1808 2044 predictum
1842 1979 1994 2029 altare
2030 1981 2195 2038 Sancti
2230 1982 2479 2032 Cristofori

546 2070 755 2118 martiris
779 2069 941 2117 diuina
964 2069 1313 2118 celebrantibus
1352 2097 1361 2107 ·
1402 2098 1412 2107 -
1451 2096 1461 2107 ·
1497 2068 1546 2116 in
1581 2085 1746 2132 puram
1784 2073 1834 2117 et
1870 2074 2150 2134 perpetuam
2185 2070 2478 2121 elimosinam

550 2188 558 2195 -
600 2187 609 2195 ·
650 2187 659 2195 ·
697 2159 824 2205 Item
860 2157 967 2206 volo
1004 2162 1054 2205 et
1093 2157 1259 2206 ordino
1296 2158 1420 2221 quod
1459 2158 1509 2205 in
1544 2157 1788 2206 ferialibus
1823 2158 1990 2207 diebus
2022 2158 2179 2223 prima
2211 2161 2356 2210 missa
2390 2179 2476 2226 pro

549 2246 752 2294 dominis
789 2248 846 2293 de
891 2246 1112 2309 Erskyng
1147 2246 1295 2303 finita,
1329 2246 1484 2295 dictus
1516 2245 1788 2310 capellanus
1826 2262 1959 2296 meus
1993 2251 2043 2296 et
2077 2248 2150 2297 sui
2183 2263 2480 2300 successores

549 2335 788 2382 celebrent
812 2334 1005 2383 missam
1029 2350 1162 2383 suam
1201 2362 1210 2372 ·
1248 2334 1315 2383 Et
1339 2335 1464 2398 quod
1488 2335 1681 2383 veniant
1705 2335 1754 2383 in
1777 2334 2024 2398 supellicio
2056 2338 2118 2386 ad
2149 2353 2313 2387 omnes
2337 2339 2478 2389 horas

548 2424 799 2471 canonicas
833 2423 956 2472 sicut
993 2422 1226 2486 capeUani
1259 2423 1319 2471 de
1355 2423 1510 2472 Dwne
1535 2428 1584 2472 et
1607 2423 1690 2472 alii
1713 2423 1946 2488 capellani
1981 2426 2198 2489 perpetui
2220 2427 2400 2477 faciunt
2426 2433 2478 2477 ut

549 2515 822 2560 consuetum
842 2516 915 2560 est
942 2539 952 2549 ·
979 2510 1047 2559 Et
1066 2511 1209 2559 etiam
1229 2511 1277 2559 in
1297 2511 1533 2560 dominica
1549 2528 1720 2575 magna
1741 2512 1885 2561 missa
1902 2513 2037 2561 finita
2053 2513 2325 2578 capellanus
2347 2532 2480 2566 meus

547 2605 596 2648 et
620 2615 914 2648 successores
937 2599 1010 2648 sui
1034 2599 1274 2648 celebrent
1297 2600 1489 2649 missam
1511 2616 1645 2649 suam
1669 2617 1822 2664 neque
1845 2600 1974 2649 aliud
1997 2602 2248 2651 seruicium
2272 2603 2478 2653 habeant

549 2691 596 2735 in
622 2690 751 2737 dicta
774 2688 975 2737 ecclesia
997 2692 1080 2737 aut
1105 2692 1245 2737 extra
1266 2691 1342 2737 set
1365 2688 1637 2737 continuam
1671 2689 1720 2736 in
1756 2689 1886 2737 dicta
1909 2689 2171 2752 capellania
2195 2691 2375 2740 facIant
2409 2710 2481 2742 re-

551 2778 802 2826 sidentiam
824 2778 1000 2841 absque
1025 2776 1183 2840 aliquo
1200 2777 1296 2825 alio
1313 2777 1528 2832 seruicio,
1548 2776 1758 2841 alioquin
1782 2776 2055 2840 capellanus
2078 2778 2158 2842 qui
2181 2778 2300 2828 alias
2321 2781 2478 2829 facere

547 2865 882 2929 presumpserit
905 2866 1008 2929 ipso
1030 2866 1160 2913 facto
1184 2867 1350 2913 eadem
1374 2864 1638 2929 capellania
1659 2865 1849 2929 penitus
1882 2865 1945 2914 sit
1979 2866 2194 2930 priuatus
2230 2896 2241 2905 ·
2278 2869 2480 2934 Insuper

549 2955 652 3002 volo
677 2959 725 3002 et
748 2969 833 3017 pro
855 2969 930 3001 me
957 2957 1006 3001 et
1030 2954 1282 3002 heredibus
1303 2953 1424 3002 meis
1448 2953 1613 3002 ordino
1636 2958 1687 3002 et
1710 2954 1908 3018 dispono
1931 2956 2057 3018 quod
2086 2955 2166 3018 jus
2197 2962 2479 3020 patronatus

549 3048 597 3091 et
621 3042 924 3106 presentandi
948 3043 1008 3090 ad
1033 3042 1210 3090 dictam
1234 3041 1545 3106 capellaniam
1579 3042 1812 3106 ydoneam
1835 3058 2083 3106 personam
2112 3071 2121 3082 ·
2161 3072 2171 3082 -
2210 3072 2221 3083 ·
2258 3046 2478 3112 episcopo

551 3131 856 3180 Brechinensi
894 3158 904 3168 ·
944 3158 953 3167 ·
994 3159 1003 3167 ·
1039 3131 1122 3178 seu
1147 3131 1248 3180 eius
1269 3130 1446 3179 vicario
1467 3129 1676 3194 generali
1699 3130 1748 3178 in
1771 3130 2096 3201 spiritualibus
2128 3132 2241 3181 sede
2266 3141 2477 3191 vacante,

549 3236 654 3267 cum
679 3224 728 3267 et
753 3220 971 3282 quotiens
989 3219 1155 3266 eadem
1172 3218 1437 3283 capellania
1453 3218 1694 3268 vacauerit
1711 3219 1773 3267 ad
1797 3234 1873 3267 me
1897 3222 1947 3268 et
1969 3219 2169 3270 heredes
2190 3236 2322 3271 meos
2338 3223 2478 3287 pleno

544 3310 650 3368 jure
674 3307 911 3370 pertineat
949 3335 958 3344 ·
998 3335 1007 3344 ·
1048 3336 1056 3345 ·
1095 3307 1277 3361 Quibus
1297 3308 1422 3358 forte
1451 3306 1778 3356 deficientibus
1812 3305 1921 3356 volo
1955 3334 1969 3346 ·
2004 3335 2015 3345 -
2040 3335 2066 3350 >·
2103 3309 2227 3371 quod
2265 3310 2481 3360 dominus
