2950 3970
672 590 1136 647 REGISTRUM
1174 595 1708 656 EPISCOPATUS
1749 601 2337 664 BRECHINENSIS.
2395 612 2464 670 87

543 802 685 849 super
706 787 973 836 huiusmodi
999 789 1224 839 dilatione
1260 798 1308 841 et
1342 794 1627 858 negligentia
1662 797 1857 846 haberet
1891 802 2123 850 actionem
2148 819 2283 867 super
2307 808 2465 870 damp-

542 875 616 923 nis
639 879 688 923 et
712 875 941 925 interesse
966 878 1006 926 si
1032 895 1121 942 que
1157 881 1416 944 contigeret
1440 883 1591 946 ipsum
1627 889 1676 932 et
1710 901 1843 934 suum
1880 888 2133 951 capitulum
2160 892 2206 939 in
2229 895 2466 955 premissis

543 963 683 1026 culpa
717 979 804 1012 sua
841 965 1074 1015 sustinere
1111 996 1121 1005 ·
1160 968 1236 1016 De
1274 975 1322 1018 et
1360 987 1499 1034 super
1535 973 1703 1036 quibus
1741 975 1954 1025 omnibus
1991 982 2040 1026 et
2076 979 2268 1042 singulis
2308 982 2463 1031 dictus

542 1052 759 1102 dominus
804 1054 1018 1103 officialis
1063 1072 1091 1103 a
1136 1072 1211 1105 me
1257 1059 1442 1106 notario
1480 1088 1490 1097 ·
1529 1088 1538 1097 ·
1577 1089 1587 1098 ·
1622 1062 1763 1124 petiit
1816 1063 2051 1125 publicum
2105 1066 2462 1118 instrumentum

543 1171 553 1180 -
593 1170 602 1179 -
641 1171 651 1180 ·
688 1144 815 1190 Acta
849 1147 985 1191 erant
1020 1144 1107 1192 hec
1141 1134 1190 1192 in
1225 1147 1432 1209 capitulo
1469 1148 1774 1198 Brechinensi
1811 1178 1822 1188 -
1860 1179 1870 1188 ·
1909 1180 1918 1189 -
1956 1152 2257 1203 Presentibus
2291 1157 2463 1205 ibidem

540 1230 885 1280 venerabilibus
907 1232 1020 1281 -viris
1044 1234 1103 1281 de
1127 1234 1334 1297 capitulo
1358 1236 1594 1299 magistris
1627 1239 1676 1284 et
1712 1238 1911 1287 dominis
1936 1240 2151 1290 Gilberto
2177 1243 2336 1290 Broun
2361 1262 2464 1307 pre-

538 1324 732 1367 centore
779 1319 1088 1369 Brechinensi
1135 1321 1350 1370 Galfrido
1395 1323 1676 1372 cancellario
1722 1324 1904 1373 Thema
1944 1327 2133 1376 Archar
2170 1331 2462 1380 thesaurario

536 1409 570 1455 J
574 1409 758 1456 ohanne
797 1408 936 1456 Steill
972 1409 1282 1472 prebendario
1312 1411 1378 1458 de
1418 1411 1637 1474 Kylmoir
1675 1413 1882 1461 Patricio
1921 1415 2043 1462 Reid
2074 1418 2380 1479 prehendat-io
2404 1422 2461 1468 de

538 1496 794 1560 Buthirgill
830 1497 1035 1545 testibus
1073 1525 1082 1534 ·
1122 1526 1131 1534 ·
1171 1526 1180 1535 ·

604 1586 672 1634 Et
710 1602 796 1648 ego
837 1585 1051 1634 Finlaius
1090 1586 1347 1650 Dempster
1375 1586 1583 1636 'clericus
1620 1586 1970 1638 Dunkeldensis
2002 1591 2215 1641 dioecesis
2249 1594 2460 1656 publicus

534 1674 798 1739 apostolica
821 1675 1080 1723 autoritate
1114 1674 1327 1723 notarius
1364 1703 1373 1711 ·
1413 1703 1421 1712 ·
1461 1703 1470 1711 ·

482 1894 512 1924 εκ
535 1875 677 1923 Bulla
710 1875 895 1939 papalis
929 1890 1015 1939 pro
1053 1873 1434 1938 augmentatione
1475 1874 1856 1922 vestimentorum
1893 1879 1942 1922 et
1979 1890 2229 1939 capparum
2264 1878 2455 1926 ecclesie

531 1965 865 2014 Brechinensis
903 1993 912 2002 -

438 2113 499 2159 51
535 2089 814 2183 Eugenius
848 2118 1096 2182 episcopus
1129 2132 1294 2165 seruus
1329 2132 1567 2166 seruorum
1592 2117 1685 2164 Dei
1722 2144 1732 2154 ·
1769 2118 1845 2164 Ad
1879 2121 2150 2180 perpetuam
2180 2119 2247 2165 rei
2280 2135 2451 2167 memo-

527 2209 646 2257 riam
684 2236 694 2246 ·
730 2207 764 2254 J
769 2208 810 2256 is
834 2222 924 2270 que
949 2221 1034 2269 pro
1059 2205 1206 2252 diuini
1245 2204 1399 2253 cultus
1436 2209 1687 2267 augmento
1711 2208 1759 2252 et
1784 2204 2082 2253 ecclesiarum
2105 2208 2349 2268 presertim
2374 2224 2449 2255 ca-

526 2295 812 2345 thedralium
837 2296 1005 2342 decore
1029 2297 1078 2341 et
1101 2308 1325 2357 prospero
1348 2296 1478 2341 statu
1500 2292 1695 2356 proinde
1718 2293 1847 2339 facta
1869 2296 1978 2340 sunt
2000 2297 2054 2340 ut
2077 2292 2258 2341 iUibata
2280 2297 2447 2357 persis-

528 2390 635 2434 tant
657 2385 862 2433 libenter
887 2399 994 2432 cum
1017 2399 1047 2430 a
1070 2382 1206 2430 nobis
1228 2381 1407 2445 petitur
1429 2379 1677 2444 apostolici
1701 2379 1967 2428 muniminis
1989 2380 2233 2429 adiicimus
2255 2382 2445 2430 firmita-

529 2479 628 2523 tem
676 2502 687 2512 ·
736 2474 861 2521 Sane
911 2487 996 2535 pro
1042 2474 1178 2534 parte
1223 2467 1504 2517 venerabilis
1548 2466 1708 2539 fratris
1762 2467 1910 2515 nostri
1955 2468 1990 2514 J
1993 2467 2188 2516 ohannis
2240 2470 2445 2533 episcopi

531 2561 864 2611 Brechinensis
900 2588 910 2598 ·
947 2562 996 2607 et
1034 2557 1311 2606 dilectorum
1348 2555 1545 2604 filiorum
1584 2555 1766 2602 Decani
1804 2555 2142 2603 Canonicorum
2166 2560 2215 2603 et
2239 2558 2443 2620 Capituli

527 2651 726 2700 ecclesie
774 2647 1107 2697 Brechinensis
1152 2644 1322 2709 petitio
1368 2643 1639 2692 continebat
1686 2643 1809 2706 quod
1855 2642 1964 2690 olim
2011 2643 2099 2706 ipsi
2143 2646 2443 2695 attendentes

527 2740 653 2804 quod
695 2738 825 2786 dicta
864 2734 1066 2784 ecclesia
1103 2736 1385 2797 paupertate
1421 2731 1636 2794 grauata
1652 2745 1710 2777 ac
1749 2730 2039 2778 vestimentis
2072 2735 2121 2779 et
2161 2736 2445 2783 ornamentis

525 2825 861 2876 ecclesiasticis
899 2823 1097 2886 aliisque
1137 2822 1199 2868 ad
1240 2819 1418 2868 cultum
1456 2818 1737 2866 huiusmodi·
1755 2822 1803 2865 et
1839 2818 2052 2865 decorem
2085 2819 2210 2867 dicte
2250 2822 2444 2871 ecclesie

523 2914 802 2964 necessariis
825 2912 1054 2962 destituta
1087 2912 1192 2957 erat
1229 2935 1239 2946 ·
1275 2906 1594 2968 Volentesque
1628 2919 1767 2967 super
1801 2905 1888 2952 hoc
1923 2904 2172 2953 salubriter
2194 2910 2438 2970 prouidere

524 3006 600 3053 die
623 3006 685 3052 ad
723 3001 773 3050 id
810 3001 992 3066 prefixa
1027 3002 1081 3047 ut
1118 2995 1262 3044 moris
1297 2999 1370 3042 est
1407 2992 1740 3041 conuenientes
1773 2992 1821 3038 in
1855 3007 2012 3047 unum,
2040 2997 2224 3042 maturo
2247 2995 2370 3043 inter
2392 3013 2442 3045 se

522 3093 807 3157 precedente
846 3090 1059 3139 tractatu
1099 3082 1306 3132 unanimi
1344 3095 1570 3129 consensu
1607 3079 1785 3142 pariter
1821 3083 1869 3126 et
1906 3094 2098 3128 assensu
2135 3085 2314 3130 statuto
2338 3101 2440 3146 per-

521 3186 667 3246 petuo
689 3179 1009 3228 deliberarunt
1032 3178 1082 3222 et
1104 3173 1253 3221 eciam
1277 3168 1602 3218 concluserunt
1634 3167 1756 3230 quod
1781 3182 1841 3213 ex
1864 3170 1977 3214 tunc
2002 3167 2047 3214 in
2073 3172 2215 3216 antea
2248 3170 2441 3232 Episco-

518 3286 607 3334 pus
653 3264 986 3316 Brechinensis
1039 3262 1192 3310 eidem
1239 3257 1434 3306 ecclesie
1480 3254 1786 3317 preficiendus
1835 3281 1844 3291 ·
1894 3254 2100 3302 Ratione
2149 3256 2310 3319 Cappe
2356 3275 2437 3306 sue
