2950 3970
365 598 444 651 xii

513 773 626 811 XIII.

517 899 626 939 XIV.

541 1089 629 1128 XV.

516 1215 625 1254 XVI.

501 1339 631 1377 XVII.

478 1529 629 1567 XVIII.

521 1717 629 1755 XIX.

546 1843 634 1882 XX.

523 1970 631 2007 XXI.

501 2096 633 2134 XXII.

487 2349 638 2387 XXIII.

501 2475 649 2513 XXIV.

520 2600 645 2638 XXV.

502 2725 649 2763 XXVI.

479 2850 647 2888 XXVII.

460 2976 650 3014 XXVIII.

494 3102 641 3140 XXIX.

519 3227 646 3266 XXX.

497 3352 644 3390 XXXI.

1274 592 1735 649 TABULA.

683 772 798 811 Carta
815 769 843 811 J
847 771 1007 809 ohannis
1028 770 1159 811 Conan
1179 770 1227 808 de
1247 770 1495 819 Tempylhyl.
1526 769 1705 821 (Resauit
1723 770 1887 810 allevine
1906 783 2021 820 peces
2039 770 2224 822 Writtis.)
2255 769 2324 821 [20
2343 772 2429 810 Jan.
2452 771 2627 822 141:·›-6.]

682 898 912 946 Preceptum
942 896 1062 947 Regis
1079 896 1127 934 de
1145 897 1282 934 annuis
1300 895 1512 934 redditibus
1532 896 1664 947 Regis.
1722 895 1947 947 (Delyuerit
1973 898 2021 936 be
2048 898 2151 937 Jhon
2182 897 2409 948 Langwell.)
2466 896 2507 948 [S
2531 899 2630 945 Aug.

789 960 922 1014 1426.]

688 1087 908 1137 Capellania
926 1086 973 1124 de
995 1084 1166 1134 Brichty.
1223 1081 1292 1136 [29
1315 1084 1437 1134 April.
1457 1084 1592 1138 1429.]

683 1214 829 1253 Nieh0··
861 1214 1033 1252 Henrici.
1277 1211 1320 1264 [4
1342 1213 1448 1262 Sept.
1472 1212 1605 1266 1429.]

690 1339 888 1388 Obligatio
923 1337 1088 1387 Capituli
1122 1348 1237 1386 super
1269 1335 1384 1374 factis
1418 1335 1580 1374 Comitis
1610 1336 1768 1375 Atholie
1801 1336 1944 1375 domini
1980 1337 2028 1375 de
2058 1336 2223 1376 Brechin
2253 1342 2292 1375 et
2319 1337 2366 1375 de
2397 1336 2634 1386 Cortoquhy.

790 1400 860 1453 [20
883 1402 972 1440 Oct.
993 1399 1124 1453 1429.]

688 1529 772 1567 The
791 1528 922 1578 Paipis
944 1527 1270 1566 Confirmatioune
1289 1538 1391 1576 upon
1412 1526 1478 1564 the
1496 1526 1648 1577 uniting
1667 1526 1724 1564 off
1736 1539 1787 1575 ye
1807 1525 1904 1563 Kirk
1925 1526 1983 1563 off
1997 1524 2234 1575 Cortoquhie
2253 1530 2294 1563 to
2313 1537 2363 1574 ye
2385 1523 2510 1563 Cathu·
2542 1524 2637 1561 Kirk

786 1593 843 1630 off
859 1591 1059 1630 Brechine.
1118 1588 1160 1642 [9
1182 1590 1276 1636 May
1301 1588 1436 1642 1430.]

688 1716 909 1756 Ratifieatio
929 1716 1084 1765 Papalis
1105 1715 1220 1754 Carte
1241 1713 1404 1752 Walteri
1426 1711 1589 1750 Palatini
1610 1711 1659 1749 de
1678 1711 1891 1751 Strathern.

693 1843 808 1882 Carta
826 1846 1005 1893 spectans
1027 1841 1183 1892 Capelle
1206 1841 1341 1880 Crucis
1359 1841 1398 1877 in
1419 1839 1627 1876 Montross.
1685 1836 1755 1890 [10
1773 1839 1799 1877 J
1804 1839 1853 1878 ul.
1876 1837 2010 1891 1430.]

689 1970 805 2009 Carta
823 1969 1123 2008 confirmationis
1142 1967 1171 2006 J
1175 1968 1284 2006 acobi
1308 1967 1429 2017 Regis
1450 1970 1556 2005 carte
1578 1966 1728 2005 Thome
1749 1966 1847 2005 Bell.
1905 1962 1974 2016 [18
1996 1967 2098 2015 Aug.
2123 1963 2256 2017 1431.]

690 2096 774 2135 The
804 2096 996 2146 Bischope
1023 2096 1097 2134 and
1128 2095 1348 2134 Chanounis
1376 2094 1679 2132 Mortificatioun
1709 2092 1783 2130 and
1812 2091 2085 2131 Ratificatioun
2115 2092 2172 2129 off
2194 2092 2258 2130 the
2289 2091 2376 2130 Rud
2400 2092 2641 2141 Cbeplanrie‚

796 2160 999 2210 ordaining
1031 2159 1167 2209 yairby
1200 2158 1265 2195 the
1298 2157 1439 2195 Viccar
1473 2157 1530 2195 off
1556 2157 1752 2195 Mona-oss
1783 2155 1845 2194 for
1873 2155 1939 2194 the
1970 2159 2079 2204 tyme
2106 2160 2149 2194 to
2178 2155 2245 2194 the
2281 2155 2508 2204 Cheplanrie
2541 2156 2641 2203 yros,

796 2223 889 2273 xxvj
906 2236 937 2261 s.
958 2223 981 2260 8
997 2223 1034 2261 d.
1075 2220 1309 2270 Tempillhill
1330 2220 1387 2258 off
1403 2220 1547 2257 Kethik
1565 2220 1625 2259 for·
1645 2221 1668 2256 2
1688 2220 1816 2257 mei-ks
1835 2225 1877 2257 to
1895 2232 1945 2269 ye
1964 2219 2156 2268 hospitall.
2205 2215 2275 2269 [10
2295 2218 2442 2256 March.
2466 2218 2642 2268 1432-3.]

695 2349 936 2388 Presentatio
955 2349 1067 2387 unius
1089 2349 1284 2398 Capellani
1304 2360 1374 2397 per
1394 2348 1711 2387 communitatem
1729 2347 1778 2385 de
1797 2346 1993 2385 Monross.
2051 2344 2120 2397 [12
2139 2345 2167 2383 J
2174 2346 2223 2384 ul.
2247 2344 2379 2397 1434.]

706 2475 848 2513 Actum
870 2475 1038 2525 Capituli
1060 2475 1330 2513 Brechinensis
1348 2474 1397 2512 de
1416 2474 1607 2514 solutione
1625 2487 1695 2524 pro
1715 2475 1859 2524 cappis.
1916 2471 1985 2525 [12
2008 2475 2108 2524 Aug.
2132 2473 2266 2525 1435.]

698 2601 841 2639 Actum
862 2600 1032 2650 Capituli
1050 2600 1098 2639 de
1117 2601 1258 2638 unione
1277 2601 1423 2650 capelle
1442 2601 1555 2639 beate
1574 2601 1697 2639 Marie
1717 2601 1959 2651 Magdalene.
2019 2599 2086 2651 [12
2108 2601 2214 2650 Aug.
2235 2599 2370 2652 1435]

706 2725 1007 2764 Instrumentum
1029 2727 1161 2765 Sasine
1181 2726 1228 2765 de
1248 2732 1469 2765 tenemento
1488 2727 1526 2764 in
1546 2727 1669 2778 burgo
1688 2727 1737 2766 de
1756 2727 1944 2766 Monross.
2002 2725 2071 2779 [13
2101 2727 2202 2768 Nov.
2226 2727 2359 2780 1435]

704 2850 843 2889 Pensio
862 2852 909 2890 de
930 2852 1137 2891 Lethnoth.
1194 2851 1264 2904 [10
1283 2852 1311 2891 J
1315 2866 1375 2892 an.
1399 2851 1575 2905 1435-6.]

704 2977 843 3015 Pensio
863 2979 910 3016 de
931 2979 1140 3020 Lethnoth.
1198 2982 1373 3020 Secunda
1391 2981 1535 3020 citatio.
1593 2979 1633 3033 [1
1657 2980 1749 3020 Feb.
1773 2979 1951 3033 1435-6.]

700 3102 839 3141 Pensio
856 3104 904 3142 de
926 3104 1132 3146 Lethnoth.
1190 3105 1256 3158 [11
1290 3106 1383 3146 Feb.
1407 3106 1585 3161 1435·6.]

702 3228 840 3267 Pensio
858 3229 906 3267 de
927 3230 1106 3269 Lethnot.
1163 3231 1332 3277 Quartus
1350 3232 1539 3271 terminus
1557 3231 1606 3270 de
1625 3231 1806 3271 Lethnot.
1863 3229 1931 3283 [17
1954 3231 2046 3270 Feb.
2070 3230 2248 3282 1435-6.]

702 3352 859 3402 Capella
878 3353 1016 3394 Sancte
1038 3355 1171 3394 Crucis
1189 3356 1291 3406 apud
1311 3356 1499 3395 Monross.
1557 3354 1600 3408 [2
1623 3357 1712 3397 Oct.
1735 3356 1868 3409 1437.]
