2950 3970
317 830 384 874 sic

388 2428 450 2474 95

478 642 583 695 198
651 640 1116 695 REGISTRUM
1154 640 1693 697 EPISCOPATUS
1734 642 2326 699 BRECHINENSIS.

546 830 611 877 Et
646 845 732 892 ego
769 830 803 876 J
807 830 1018 878 ohannes
1056 829 1268 893 Spaldyn
1304 831 1512 878 decanus
1545 829 1850 894 infrascripta
1894 833 2106 896 approbo
2146 837 2196 880 et
2231 833 2409 881 eisdem

475 923 720 972 consentio
743 927 870 971 teste
886 939 1026 971 manu
1042 923 1233 986 propria
1248 926 1338 970 etc.
1401 923 1467 971 Et
1483 938 1570 986 ego
1591 924 1823 986 Georgius
1841 924 1982 973 Seres
1999 930 2167 974 cantor
2184 927 2411 974 Brechin-

476 1012 602 1061 ensis
640 1012 943 1075 infrascripta
982 1012 1194 1075 approbo
1235 1015 1360 1060 teste
1402 1027 1545 1059 manu
1583 1013 1775 1075 propria
1835 1041 1844 1050 ·
1904 1013 1970 1061 Et
2008 1030 2095 1077 ego
2138 1014 2411 1063 Willelmus

477 1099 693 1148 Auchlek
725 1099 1064 1163 prebendarius
1100 1100 1158 1146 de
1192 1099 1479 1162 Glenberwy
1510 1101 1723 1164 approbo
1754 1102 2078 1165 suprascripta
2109 1107 2237 1152 teste
2270 1120 2411 1152 manu

474 1188 663 1251 propria
712 1216 722 1225 ·
766 1188 870 1250 Ego
899 1187 1172 1236 Willelmus
1207 1187 1406 1250 Ogylwy
1430 1188 1742 1238 cancellarius
1778 1191 2113 1240 Brechinensis
2147 1192 2412 1255 prescripta

474 1277 684 1341 approbo
713 1280 839 1325 teste
868 1293 1010 1324 manu
1033 1277 1224 1340 propria
1261 1304 1271 1314 ·
1310 1277 1413 1339 Ego
1439 1277 1711 1326 Willelmus
1746 1278 1984 1326 Meldrum
2020 1280 2316 1328 subdecanus
2351 1282 2411 1327 ad

474 1367 598 1413 idem
622 1369 748 1414 teste
771 1381 913 1412 manu
937 1365 1127 1428 propria
1165 1393 1174 1403 ·
1215 1365 1454 1413 Robertus
1479 1366 1640 1412 Broun
1665 1363 1991 1429 pensionarius
2015 1369 2076 1415 ad
2108 1367 2233 1415 idem
2269 1384 2412 1415 manu

474 1453 664 1517 propria
702 1481 712 1491 ·
751 1454 854 1516 Ego
877 1454 911 1500 J
914 1454 1091 1502 acobus
1117 1452 1314 1501 Balfour
1336 1453 1679 1516 prebendarius
1703 1455 1760 1502 de
1787 1454 2010 1517 Kylmoir
2043 1456 2105 1503 ad
2140 1455 2264 1504 idem
2288 1460 2412 1505 teste

473 1559 615 1590 manu
648 1540 840 1606 propria
877 1570 886 1580 ·
925 1543 991 1590 Et
1026 1558 1112 1604 ego
1135 1542 1169 1588 J
1173 1542 1348 1590 acobus
1373 1542 1634 1604 Dekysoun
1670 1544 2009 1606 prebendarius
2045 1545 2103 1591 de
2129 1544 2314 1592 Guthre
2351 1547 2411 1592 ad

474 1632 598 1680 idem
621 1635 747 1679 teste
771 1647 914 1678 manu
937 1630 1128 1694 propria
1164 1659 1175 1668 ·
1214 1631 1280 1678 Et
1304 1647 1391 1693 ego
1413 1631 1447 1677 J
1451 1631 1662 1680 ohannes
1681 1631 1927 1679 Achilmar
1946 1631 2160 1680 officialis
2185 1633 2414 1680 Brechin-

475 1721 600 1770 ensis
624 1736 680 1768 ac
705 1720 959 1768 canonicus
983 1719 1183 1768 ecclesie
1208 1719 1497 1768 cathedralis
1520 1720 1730 1768 eiusdem
1754 1721 2020 1783 prescripta
2048 1721 2262 1784 approbo
2287 1726 2412 1770 teste

474 1825 615 1857 manu
657 1809 848 1872 propria
891 1837 900 1846 ·
951 1810 1054 1871 Ego
1091 1808 1259 1856 Dauid
1303 1808 1558 1871 Lyndesay
1595 1808 1768 1857 Comes
1808 1809 2161 1872 suprascriptus
2201 1811 2411 1873 approbo

475 1898 800 1960 suprascripta
835 1913 980 1944 manu
1015 1897 1208 1960 propria
1246 1924 1255 1934 -

544 1986 609 2033 Et
645 2002 731 2048 ego
770 1986 1037 2034 Edwardus
1075 1984 1275 2032 Roberti
1309 1985 1545 2048 presbiter
1578 1986 1914 2034 Brechinensis
1949 1986 2163 2035 dioecesis
2197 1987 2412 2050 publicus

477 2074 711 2138 imperiali
736 2078 784 2122 et
810 2073 955 2136 regali
980 2073 1319 2122 autoritatibus
1341 2075 1556 2123 notarius
1593 2103 1603 2112 ·
1642 2074 1766 2129 Quia
1803 2102 1813 2111 ·
1853 2102 1863 2111 ·
1903 2102 1913 2112 ·
1949 2079 2042 2122 etc.

476 2276 846 2323 Instrumentum
874 2274 1063 2321 Andree
1089 2272 1213 2320 Blak
1236 2289 1377 2336 super
1399 2274 1618 2322 secundis
1643 2274 1837 2322 decimis
1861 2276 1919 2322 de
1943 2274 1988 2322 le
2015 2275 2197 2324 Mernis
2235 2305 2245 2314 ·

479 2400 562 2478 In
602 2430 695 2477 Dei
731 2429 918 2477 nomine
955 2430 1109 2475 Amen
1146 2456 1156 2465 ·
1197 2455 1208 2464 ·
1248 2455 1256 2464 ·
1295 2427 1468 2475 Pateat
1502 2428 1749 2476 euidenter
1784 2430 1910 2492 quod
1946 2445 2069 2477 anno
2103 2431 2163 2478 ab
2190 2431 2413 2479 Incarna-

475 2519 605 2567 tione
647 2518 843 2566 Domini
883 2517 1133 2566 millesimo
1174 2517 1636 2580 quadringentesimo
1676 2518 2024 2581 septuagesimo
2064 2522 2204 2567 sexto
2239 2521 2412 2569 mensis

477 2622 588 2654 vero
623 2605 904 2654 Nouembris
928 2605 1003 2652 die
1029 2605 1370 2660 decimatertia‚
1407 2604 1676 2652 Indictione
1713 2605 1909 2662 decima,
1950 2606 2259 2655 Pontificatus
2297 2637 2306 2646 ·
2346 2636 2357 2646 ·
2402 2637 2412 2646 ·

479 2694 654 2742 domini
690 2693 816 2742 Sixti
855 2722 865 2731 ·
905 2721 914 2731 ·
954 2721 964 2731 ·
1003 2694 1131 2757 Pape
1169 2693 1326 2757 quarti
1361 2709 1484 2741 anno
1519 2699 1659 2742 sexto
1697 2721 1708 2732 ·
1745 2722 1758 2733 ·
1795 2723 1805 2732 ·
1840 2695 2152 2758 personaliter
2186 2697 2414 2745 constitu-

478 2787 558 2832 tus
581 2783 797 2831 dominus
819 2782 853 2828 J
857 2782 1065 2830 ohannes
1091 2782 1348 2830 Lowdiane
1384 2781 1654 2845 capellanus
1677 2786 1954 2846 procurator
1995 2811 2007 2821 ·
2045 2811 2055 2821 ·
2094 2812 2104 2821 ·
2143 2784 2411 2832 Reuerendi

480 2872 630 2935 patris
667 2900 676 2909 ·
716 2900 726 2908 ·
765 2898 775 2907 ·
813 2869 1047 2918 Johannis
1085 2898 1095 2907 ·
1133 2897 1145 2907 ·
1183 2898 1194 2907 ·
1231 2869 1456 2933 Episcopi
1482 2870 1815 2918 Brechinensis
1853 2899 1862 2908 -
1902 2899 1912 2908 ·
1951 2898 1962 2908 ·
1997 2873 2198 2920 accessit
2222 2889 2413 2936 person-

482 2959 621 3008 aliter
656 2960 716 3006 ad
752 2957 888 3007 villas
923 2958 1214 3021 subscriptas
1242 2957 1327 3005 viz.
1358 2957 1650 3006 Petnamone
1685 2957 2004 3006 molendinum
2039 2961 2098 3007 de
2135 2961 2411 3023 Kyncardin

484 3048 644 3110 Fesky
681 3046 998 3095 molendinum
1041 3047 1099 3092 de
1142 3046 1435 3094 Feddircarn
1492 3045 1721 3094 Balmane
1777 3045 1895 3094 Litil
1951 3047 2115 3095 Strath
2155 3053 2203 3096 et
2244 3049 2412 3097 Mekill

485 3135 672 3184 Stratht
696 3138 745 3182 et
771 3134 889 3196 Esly
916 3134 1135 3195 jacentes
1159 3133 1282 3180 infra
1317 3133 1574 3181 dominium
1598 3134 1656 3180 de
1683 3133 1912 3181 Balmane
1938 3138 1988 3182 et
2013 3135 2136 3183 infra
2170 3137 2415 3185 vicecomi-

483 3230 637 3273 tatum
663 3225 720 3271 de
746 3222 1036 3285 Kyncardin‚
1062 3222 1341 3285 Ibidemque
1365 3238 1395 3269 a
1417 3221 1693 3269 tenentibus
1717 3225 1765 3269 et
1790 3222 2167 3272 inhabitantibus
2201 3224 2414 3273 villarum

485 3314 803 3376 predictarum
827 3315 875 3360 et
911 3327 941 3358 a
963 3310 1174 3373 quolibet
1210 3310 1415 3373 ipsorum
1441 3313 1669 3373 quantum
1692 3310 1753 3356 ad
1789 3309 1917 3372 ipsos
1940 3315 1989 3358 et
2013 3311 2221 3374 ipsorum
2256 3329 2415 3376 quem-
