2950 3970
680 640 1146 700 REGISTRUM
1185 647 1722 706 EPISCOPATUS
1763 651 2351 711 BRECHINENSIS.
2393 659 2494 730 101

576 828 720 877 missa
759 833 808 878 et
845 829 941 879 alia
966 832 1246 883 detestanda
1287 836 1334 883 in
1371 841 1508 885 tanto
1543 839 1651 887 odio
1685 839 1958 888 clericorum
1995 846 2043 889 et
2078 841 2302 890 laicorum
2326 843 2488 891 existit

575 918 701 980 quod
725 917 773 964 in
797 917 891 967 illis
914 921 1127 982 partibus
1149 922 1249 971 sine
1272 924 1547 986 grauissimo
1591 926 1814 975 scandalo
1851 927 2042 976 tolerari
2066 945 2158 977 non
2181 934 2339 993 potest
2378 959 2386 967 -
2427 932 2489 978 Et

573 1010 826 1069 propterea
849 1007 953 1070 ipsa
975 1008 1175 1058 ecclesia
1197 1011 1359 1073 grauia
1382 1012 1430 1059 in
1454 1013 1774 1076 spiritualibus
1811 1019 1859 1063 et
1896 1016 2230 1079 temporalibus
2264 1018 2489 1067 hactenus

574 1109 714 1156 passa
753 1094 844 1142 fuit
867 1099 918 1144 et
942 1096 1124 1159 patitur
1163 1099 1337 1147 cotidie
1363 1101 1646 1150 detrimenta
1682 1118 1739 1151 ac
1775 1103 1979 1151 fidelium
2014 1104 2211 1173 populus
2246 1106 2333 1154 sibi
2369 1122 2491 1154 com-

572 1182 741 1231 missus
764 1183 896 1246 quasi
920 1200 1036 1246 grex
1060 1185 1236 1249 absque
1260 1191 1448 1250 pastore
1483 1194 1692 1238 remanet
1728 1191 1968 1240 desolutus
2005 1193 2051 1239 in
2090 1193 2295 1242 eiusdem
2331 1195 2487 1257 populi

572 1271 832 1319 animarum
857 1272 1116 1335 periculum
1139 1274 1422 1337 pontificalis
1445 1276 1689 1339 dignitatis
1712 1277 2013 1342 vilipendium
2037 1284 2085 1327 et
2109 1281 2370 1344 exemplum
2409 1284 2486 1329 de-

569 1360 794 1409 testabile
822 1361 1128 1425 plurimorum
1167 1391 1177 1400 ·
1215 1363 1314 1412 Nos
1353 1364 1495 1426 igitur
1534 1367 1837 1414 attendentes
1872 1368 1994 1430 quod
2030 1368 2152 1416 veris
2175 1369 2485 1417 existentibus

570 1449 856 1513 supradictis
879 1450 1003 1498 idem
1023 1450 1232 1513 Fynlaus
1256 1467 1306 1499 se
1330 1452 1587 1515 pontificali
1612 1453 1840 1515 dignitate
1865 1454 2068 1502 reddidit
2087 1455 2323 1518 indignum
2347 1472 2403 1503 ac
2428 1459 2483 1504 de

569 1538 810 1601 premissis
835 1543 1013 1587 certam
1037 1539 1255 1587 notitiam
1278 1556 1371 1587 non
1395 1541 1623 1589 habentes
1646 1541 1946 1606 volentesque
1969 1543 2231 1591 huiusmodi
2254 1546 2486 1592 scandalis

570 1627 763 1675 obuiare
802 1655 812 1665 ·
851 1628 917 1676 Et
965 1643 1107 1691 super
1160 1628 1251 1676 hiis
1303 1632 1583 1691 oportunum
1630 1630 1885 1676 remedium
1931 1630 2152 1678 adhibere
2198 1631 2482 1679 fraternitati

568 1719 724 1764 vestre
758 1731 844 1779 per
876 1715 1140 1779 apostolica
1176 1716 1354 1779 scripta
1392 1717 1728 1765 committimus
1765 1721 1815 1765 et
1850 1719 2127 1766 mandamus
2151 1723 2378 1781 quatenus
2402 1737 2482 1768 vos

567 1808 652 1852 aut
677 1820 798 1852 unus
815 1807 1022 1852 vestrum
1047 1808 1216 1852 vocato
1240 1804 1368 1852 dicto
1393 1804 1433 1851 F
1434 1804 1575 1867 ynlao
1599 1809 1648 1852 et
1673 1805 1820 1853 citato
1844 1805 2153 1868 personaliter
2169 1807 2271 1854 siin
2288 1808 2480 1855 ciuitate

567 1892 641 1940 vel
665 1893 865 1942 dioecese
891 1893 1170 1956 Ergadiensi
1194 1893 1455 1956 reperiatur
1492 1921 1501 1930 ·
1540 1892 1760 1956 Alioquin
1784 1893 1967 1956 publice
1992 1894 2037 1940 in
2064 1893 2166 1956 ipsa
2205 1894 2476 1956 Ergadiensi

566 1980 766 2030 ecclesia
814 1981 939 2029 inter
983 1981 1232 2030 missarum
1269 1980 1529 2043 solempnia
1574 1985 1622 2027 et
1669 1981 1894 2029 citatione
1934 1981 2196 2029 huiusmodi
2242 1982 2288 2028 in
2335 1983 2481 2031 valuis

565 2071 712 2134 ipsius
735 2069 935 2118 ecclesie
957 2070 1102 2116 affixa
1134 2085 1278 2132 super
1300 2068 1538 2131 premissis
1575 2074 1623 2116 et
1660 2067 1765 2117 aliis
1788 2085 1849 2115 ex
1871 2073 2006 2131 parte
2030 2069 2146 2116 dicti
2173 2069 2316 2131 Regis
2339 2086 2479 2132 expo-

562 2159 731 2207 nendis
766 2187 777 2196 ·
815 2158 883 2206 Et
924 2158 982 2205 de
1021 2157 1189 2220 quibus
1233 2156 1466 2220 prefatum
1516 2156 1783 2219 episcopum
1825 2172 1908 2219 per
1949 2157 2320 2204 informationem
2358 2174 2479 2206 sum-

563 2247 758 2295 mariam
783 2245 1053 2310 repereritis
1077 2245 1363 2292 defamatum
1388 2247 1553 2291 contra
1576 2245 1724 2306 ipsum
1750 2244 2017 2307 episcopum
2041 2248 2256 2292 vocatum
2294 2250 2342 2293 et
2378 2262 2479 2308 pre-

562 2340 745 2385 sentem
768 2334 848 2383 vel
871 2335 1114 2383 absentem
1134 2349 1218 2396 per
1241 2331 1583 2380 contumaciam
1603 2332 1649 2378 in
1667 2332 1817 2379 forma
1835 2331 2148 2394 inquisitionis
2171 2334 2476 2394 procedentes

563 2424 794 2489 expositis
817 2422 1038 2487 capitulis
1063 2423 1121 2470 de
1147 2421 1314 2484 quibus
1348 2424 1400 2468 ut
1438 2420 1671 2482 prefertur
1694 2419 1909 2466 extiterit
1944 2419 2207 2467 defamatus
2230 2419 2475 2482 inquiratis

561 2530 703 2577 super
742 2512 838 2561 illis
874 2511 1122 2560 veritatem
1161 2538 1170 2548 ·
1210 2511 1274 2557 Et
1299 2525 1389 2572 que
1413 2524 1552 2571 super
1574 2507 1664 2555 hiis
1688 2507 1954 2570 repereritis
1977 2521 2081 2553 cum
2116 2510 2219 2554 toto
2255 2522 2474 2569 processu

561 2601 882 2666 inquisitionis
904 2597 1188 2647 huiuismodi
1208 2597 1254 2644 in
1278 2597 1429 2644 forma
1451 2595 1720 2643 auctentica
1742 2595 1801 2641 ad
1827 2609 1912 2642 nos
1930 2593 2129 2641 fideliter
2153 2594 2406 2642 remittatis
2423 2600 2474 2641 ut

561 2706 702 2754 super
735 2688 830 2738 illis
859 2704 944 2752 per
977 2702 1064 2735 nos
1098 2685 1287 2734 iusticia
1321 2683 1612 2731 ministretur
1648 2686 1696 2730 et
1732 2681 1850 2729 alias
1884 2681 2157 2743 disponatur
2179 2685 2316 2743 prout
2341 2682 2473 2729 nobis

560 2779 798 2828 videbitur
820 2776 1044 2840 expedire
1082 2802 1092 2812 ·
1131 2775 1196 2822 Et
1231 2773 1420 2835 insuper
1455 2771 1494 2819 si
1531 2770 1762 2834 prefatum
1802 2768 2068 2832 episcopum
2106 2783 2135 2815 a
2173 2767 2366 2816 ciuitate
2398 2769 2470 2815 vel

560 2867 751 2917 dioecesi
774 2863 1001 2930 predictis
1024 2863 1265 2911 absentem
1296 2875 1398 2908 esse
1422 2857 1695 2906 inueneritis
1718 2860 1766 2904 et
1790 2856 2035 2904 ecclesiam
2059 2871 2115 2903 ac
2138 2855 2356 2918 populum
2381 2857 2469 2904 sibi

559 2956 799 3006 subditum
823 2952 1066 3016 reliquisse
1089 2950 1324 3014 pendente
1354 2962 1574 3011 processu
1597 2943 1857 2993 huiusmodi
1892 2942 2205 3006 inquisitionis
2241 2947 2289 2990 et
2327 2943 2470 3005 ipsius

559 3043 769 3108 episcopi
793 3043 992 3090 durante
1015 3038 1229 3087 absentia
1260 3036 1465 3098 regimen
1489 3038 1538 3082 et
1559 3031 2009 3081 administrationem
2034 3029 2179 3092 ipsius
2202 3029 2396 3078 ecclesie
2421 3031 2467 3076 in

558 3129 883 3196 spiritualibus
919 3132 969 3176 et
1005 3124 1343 3190 temporalibus
1378 3121 1519 3170 alicui
1556 3120 1775 3183 episcopo
1798 3117 1871 3166 vel
1893 3117 1974 3165 alii
2006 3117 2152 3180 probo
2176 3117 2274 3188 viro
2297 3118 2357 3164 ad
2381 3119 2467 3165 hoc

558 3222 744 3285 ydoneo
766 3217 1025 3266 autoritate
1049 3218 1211 3263 nostra
1234 3209 1542 3260 committatis
1565 3209 1712 3256 donec
1735 3222 1820 3269 per
1841 3220 1927 3254 nos
1949 3221 2088 3268 super
2121 3205 2209 3251 hoc
2232 3205 2465 3267 prouisum

559 3307 703 3357 fuerit
738 3309 822 3355 aut
857 3303 977 3354 alias
999 3302 1264 3352 ordinatum
1289 3298 1583 3359 iniungentes
1600 3293 1926 3343 nichilominus
1949 3293 1992 3340 ei
2017 3292 2092 3340 cui
2115 3292 2260 3355 ipsius
2278 3292 2471 3341 ecclesie
