2950 3970
528 625 636 684 172
702 627 1166 682 REGISTRUM
1205 626 1743 684 EPISCOPATUS
1785 629 2375 685 BRECHINENSIS.

527 815 731 878 aliquem
767 821 850 864 aut
886 831 1202 879 quoscumque
1227 820 1395 863 contra
1417 816 1539 862 hanc
1570 820 1780 864 nostram
1803 818 2154 866 concessionem
2179 823 2227 866 et
2255 818 2466 866 volunta-

526 907 624 951 tem
663 918 745 951 seu
783 903 1071 967 presentium
1111 908 1378 951 nostrarum
1417 902 1662 952 literarum
1700 909 1914 952 tenorem
1953 905 2224 970 aliqualiter
2246 906 2463 970 impediri

526 998 713 1060 grauari
753 996 1020 1060 perturbari
1057 1001 1141 1044 aut
1182 997 1342 1043 vexari
1375 1012 1516 1060 super
1550 1001 1761 1046 nostram
1784 996 2044 1061 plenariam
2067 998 2414 1048 forisfacturam
2453 1028 2463 1036 ·

530 1086 597 1133 Et
632 1085 672 1134 si
708 1085 820 1149 quid
856 1085 925 1132 eis
959 1089 1043 1132 aut
1078 1100 1239 1132 eorum
1276 1084 1417 1132 alicui
1453 1088 1620 1133 contra
1642 1085 1872 1149 premissa
1894 1090 1977 1134 aut
2002 1085 2192 1150 aliquod
2215 1087 2466 1150 premisso-

532 1190 634 1222 rum
675 1173 949 1220 iniuriatum
990 1173 1132 1220 fuerit
1180 1172 1253 1220 vel
1291 1174 1469 1221 factum
1517 1174 1563 1221 id
1612 1174 1682 1222 eis
1728 1178 1777 1222 et
1818 1190 1979 1222 eorum
2027 1174 2221 1222 cuilibet
2267 1174 2465 1223 indilate

513 1261 715 1310 restitui
743 1262 911 1323 corrigi
947 1266 996 1309 et
1033 1261 1276 1308 reformari
1311 1261 1500 1310 faciatis
1537 1262 1955 1326 quotienscumque
1991 1267 2041 1311 et
2077 1263 2465 1326 quandocumque

532 1366 616 1399 vos
638 1349 712 1398 vel
734 1349 908 1413 aliquis
932 1354 1141 1398 vestrum
1165 1366 1250 1413 per
1273 1350 1401 1413 ipsos
1430 1354 1516 1398 aut
1551 1351 1760 1414 ipsorum
1784 1350 1991 1414 aliquem
2013 1351 2202 1399 fueritis
2226 1350 2300 1398 vel
2322 1351 2467 1399 fuerit

527 1438 742 1502 requisiti
780 1437 852 1485 vel
888 1438 1146 1500 requisitus
1183 1466 1193 1476 ·
1232 1438 1298 1486 Et
1335 1438 1452 1487 istas
1485 1438 1652 1487 literas
1698 1439 2028 1488 concessiones
2074 1440 2375 1487 donationem
2418 1445 2467 1488 et

527 1526 819 1574 voluntatem
860 1525 1078 1574 volumus
1120 1526 1167 1573 in
1211 1527 1430 1575 omnibus
1470 1531 1519 1575 et
1566 1527 1764 1590 singulis
1810 1529 2087 1592 prescriptis
2134 1528 2469 1577 inviolabiliter

526 1621 575 1664 et
599 1615 949 1678 imperpetuum
974 1614 1214 1662 observari
1253 1643 1262 1652 ·
1303 1616 1408 1662 Non
1433 1615 1736 1664 obstantibus
1770 1616 2149 1679 quibuscumque
2184 1617 2336 1665 literis
2360 1633 2470 1665 con-

526 1703 818 1752 cessionibus
841 1702 1222 1751 assedationibus
1244 1719 1329 1766 per
1362 1719 1448 1751 nos
1483 1705 1842 1767 predecessores
1864 1710 2053 1754 nostros
2076 1721 2162 1754 seu
2186 1707 2469 1754 camerarios

525 1797 611 1841 aut
637 1792 757 1840 alios
781 1806 1104 1854 quoscumque
1128 1791 1440 1853 burgensibus
1463 1793 1522 1839 de
1550 1792 1793 1841 Montross
1818 1794 1876 1840 de
1902 1793 2099 1841 Forfare
2123 1798 2171 1841 et
2207 1795 2266 1841 de
2292 1794 2467 1842 Dunde

526 1883 585 1929 de
621 1897 783 1928 eorum
821 1879 981 1942 burgis
1018 1884 1066 1926 et
1104 1879 1271 1927 bondis
1306 1884 1391 1927 aut
1427 1879 1534 1928 aliis
1557 1881 1935 1944 quibuscumque
1959 1883 2205 1946 hucusque
2229 1884 2466 1932 concessis

525 1975 610 2018 aut
644 1969 786 2017 factis
819 1967 893 2015 vel
928 1968 976 2014 in
1011 1971 1253 2030 posterum
1279 1969 1594 2017 concedendis
1628 1973 1711 2016 aut
1746 1970 1978 2018 faciendis
2005 1970 2356 2034 imperpetuum
2395 1971 2467 2019 vel

525 2060 585 2106 ad
620 2063 810 2121 tempus
847 2085 857 2095 ·
895 2057 954 2104 In
990 2057 1128 2118 cujus
1163 2056 1231 2102 rei
1265 2056 1591 2104 testimonium
1628 2058 1838 2120 presenti
1874 2062 2005 2106 carte
2051 2063 2212 2107 nostre
2245 2076 2465 2123 magnum

525 2146 728 2210 sigillum
763 2150 977 2194 nostrum
1025 2144 1198 2207 apponi
1245 2145 1542 2207 precepimus
1580 2172 1589 2182 ·
1627 2145 1852 2194 Testibus
1894 2147 2167 2196 reuerendis
2212 2148 2260 2195 in
2308 2149 2466 2197 Cristo

525 2235 740 2298 patribus
784 2233 1025 2280 Willelmo
1061 2236 1110 2280 et
1159 2232 1342 2279 Thoma
1390 2232 1671 2295 Glasguensi
1709 2237 1758 2281 et
1799 2233 2122 2283 Candidecase
2159 2235 2464 2284 ecclesiarum

523 2323 756 2386 episcopis
797 2321 1039 2368 Willelmo
1077 2321 1267 2368 domino
1307 2320 1595 2368 Creichtoun
1619 2326 1783 2370 nostro
1819 2321 2102 2370 cancellario
2126 2327 2175 2370 et
2204 2323 2464 2386 predilecto

525 2410 870 2474 consanguineo
896 2408 1082 2456 dilectis
1107 2409 1466 2471 consanguineis
1500 2410 1674 2458 nostris
1711 2410 1919 2458 Patricio
1944 2411 2133 2458 domino
2156 2411 2200 2459 le
2226 2413 2463 2460 Grahame

526 2500 735 2549 Patricio
760 2498 948 2546 domino
974 2497 1220 2560 Glammys
1252 2497 1498 2560 Magistris
1532 2498 1755 2546 Johanne
1789 2500 1946 2547 Arous
1969 2499 2300 2548 archidiacono
2327 2500 2464 2549 Glas-

523 2588 688 2653 guensi
735 2591 784 2634 et
833 2586 1038 2648 Georgio
1084 2586 1143 2633 de
1190 2585 1490 2633 Schoriswod
1529 2590 1713 2634 rectore
1761 2587 1819 2641 de
1859 2586 2024 2634 Cultre
2059 2588 2186 2650 apud
2228 2587 2461 2635 Falkland

525 2677 676 2741 primo
701 2676 776 2723 die
799 2675 972 2723 mensis
1007 2674 1301 2737 Septembris
1324 2673 1467 2721 Anno
1493 2673 1687 2721 Domini
1721 2673 1978 2723 Millesimo
2001 2675 2461 2738 quadringentesimo

528 2763 913 2828 quinquagesimo
935 2762 1088 2826 primo
1113 2766 1161 2810 et
1185 2762 1314 2825 regni
1338 2762 1488 2810 nostri
1514 2762 1865 2826 decimoquinto
1902 2791 1912 2800 ·

528 2964 787 3027 Inquisicio
809 2964 939 3010 facta
961 2963 1085 3025 apud
1113 2961 1405 3008 Kincardine
1429 2961 1581 3024 primo
1606 2962 1682 3009 die
1706 2962 1879 3011 mensis
1904 2961 2083 3025 Aprilis
2106 2978 2230 3011 anno
2266 2964 2461 3012 Domini

526 3051 773 3100 millesimo
797 3059 926 3098 cccc⁰
947 3049 1305 3114 quadragesimo
1328 3052 1501 3097 octauo
1525 3065 1666 3112 super
1688 3051 1908 3099 secundis
1937 3050 2133 3098 decimis
2169 3053 2228 3099 de
2264 3052 2458 3101 Mernis.

437 3207 500 3254 83
535 3184 587 3259 J
593 3212 769 3260 acobus
826 3211 921 3258 Dei
976 3210 1131 3271 gratia
1188 3226 1274 3258 rex
1333 3210 1583 3259 Scotorum
1638 3238 1647 3248 -
1707 3238 1716 3247 ·
1774 3237 1785 3247 ·
1837 3209 2012 3268 Sciatis
2062 3228 2148 3262 nos
2197 3215 2459 3279 inspexisse

527 3302 760 3365 quandam
803 3298 1152 3362 inquisitionem
1187 3314 1270 3346 seu
1311 3299 1625 3362 cognitionem
1673 3314 1735 3345 ex
1769 3299 1993 3347 mandato
2033 3306 2195 3350 nostro
2239 3319 2325 3366 per
2371 3304 2461 3352 Pa-

527 3388 715 3437 tricium
752 3385 990 3448 Brekelay
1025 3386 1303 3448 deputatum
1338 3386 1631 3435 vicecomitis
1663 3387 1721 3434 de
1754 3386 2046 3435 Kincardine
2081 3388 2200 3439 alias
2233 3390 2408 3439 factam
2446 3421 2457 3430 ·

2943 1080 2950 1113 »μ
2947 1058 2950 1061 .
2940 1011 2950 1042 <·..
2943 942 2950 993 .-...
2940 809 2950 928 .-.·—-u-
2941 783 2944 786 >
2940 731 2943 735 ·
