2950 3970
649 606 1114 673 REGISTRUM
1151 610 1686 671 EPISCOPATUS
1727 618 2313 679 BREOHINENSIS.
2370 628 2442 682 49

523 793 746 858 episcopo
770 796 950 844 decano
974 801 1023 844 et
1047 799 1256 862 capitulo
1280 802 1428 864 magis
1451 803 1691 853 videbitur
1725 808 1949 870 expedire
1987 836 1997 846 ·
2034 810 2158 857 Item
2185 813 2307 874 quod
2333 829 2450 861 unus

524 882 758 930 dictorum
794 884 1140 947 capellanorum
1177 889 1239 936 sit
1274 890 1563 940 excellenter
1592 895 1824 942 sufficiens
1874 895 1921 942 in
1961 897 2140 944 musica
2173 903 2222 946 et
2257 904 2397 948 cantu
2434 930 2444 938 ·

526 971 591 1019 Et
614 971 738 1020 alter
759 973 806 1020 in
830 976 1138 1036 grammatica
1161 978 1221 1024 ad
1246 978 1567 1028 instruendum
1592 982 1745 1030 dictos
1767 999 1936 1046 pueros
1959 984 2007 1031 in
2028 985 2254 1047 predictis
2288 989 2437 1035 scien-

521 1059 604 1108 tiis
627 1061 755 1109 horis
779 1078 808 1109 a
833 1062 961 1110 dicto
997 1065 1191 1112 seruitio
1232 1067 1391 1115 diuino
1431 1070 1706 1118 vacantibus
1743 1098 1753 1108 ·
1791 1071 2062 1119 Tenendum
2096 1077 2144 1120 et
2176 1074 2440 1122 habendum

522 1149 786 1212 predictum
839 1167 1043 1199 annuum
1091 1154 1327 1202 redditum
1389 1156 1439 1203 xl
1490 1157 1713 1205 librarum
1768 1159 1826 1206 de
1876 1160 2016 1207 terris
2063 1162 2236 1210 nostris
2281 1178 2442 1226 supra—

522 1238 663 1286 dictis
686 1239 898 1302 predicte
925 1240 1124 1288 ecclesie
1154 1243 1429 1305 presbiteris
1453 1261 1542 1307 que
1568 1250 1615 1292 et
1639 1246 1795 1309 pueris
1817 1248 2078 1310 prenotatis
2105 1248 2264 1296 diuina
2286 1249 2442 1299 minis-

519 1326 757 1375 trantibus
790 1331 840 1375 et
875 1344 960 1391 pro
995 1334 1223 1393 perpetuo
1269 1332 1605 1382 ministraturis
1656 1338 1709 1382 ut
1756 1335 2045 1398 premittitur
2088 1336 2235 1384 libere
2281 1339 2437 1401 quiete

522 1445 532 1454 ·
575 1443 586 1453 ·
625 1444 635 1453 ·
672 1432 778 1464 cum
825 1418 1041 1465 omnibus
1087 1423 1135 1466 et
1182 1419 1375 1483 singulis
1420 1421 1718 1470 libertatibus
1756 1451 1765 1460 -
1804 1451 1813 1459 ·
1854 1451 1863 1460 ·
1901 1425 1961 1470 ad
2008 1424 2183 1472 dictum
2232 1441 2435 1473 annuum

520 1505 756 1554 redditum
802 1507 1127 1570 spectantibus
1165 1536 1175 1545 ·
1214 1536 1224 1545 ·
1264 1537 1273 1546 ·
1310 1508 1409 1556 sine
1456 1510 1756 1558 reuocatione
1789 1539 1798 1548 ·
1838 1539 1848 1548 ·
1887 1539 1896 1548 ·
1933 1511 2007 1558 vel
2053 1513 2282 1560 demanda
2337 1514 2436 1576 qui-

519 1595 790 1658 buscunque
832 1599 1044 1644 nostrum
1085 1596 1160 1643 vel
1200 1597 1422 1644 heredum
1463 1602 1726 1645 nostrorum
1768 1614 1852 1646 seu
1891 1615 2209 1648 successorum
2244 1601 2291 1647 in
2328 1617 2436 1648 con-

517 1685 714 1732 trarium
740 1685 1070 1748 premissorum
1097 1687 1422 1749 quoquomodo
1439 1686 1604 1735 fiendis
1642 1715 1651 1724 ·
1690 1687 1754 1734 Et
1778 1687 1819 1735 si
1843 1687 2083 1750 contingat
2108 1688 2258 1737 dictas
2280 1693 2432 1738 terras

517 1777 704 1822 nostras
723 1774 781 1821 de
801 1773 1122 1837 Cortowquhy
1142 1769 1227 1837 pe‘r
1239 1790 1453 1837 guerram
1473 1774 1854 1838 depredationem
1872 1790 1954 1823 seu
1973 1776 2434 1838 depaupertationem

515 1861 590 1910 vel
623 1878 709 1925 per
736 1878 1060 1926 quemcunque
1096 1879 1254 1911 casum
1284 1863 1529 1910 fortuitum
1566 1863 1801 1911 deuastati
1835 1879 1918 1911 seu
1952 1864 2195 1926 depredari
2241 1865 2288 1912 in
2328 1869 2431 1913 toto

517 1951 591 1999 vel
631 1951 680 1999 in
720 1955 856 2015 parte
895 1953 1018 1999 unde
1066 1951 1181 1999 dicti
1226 1951 1474 2015 episcopus
1514 1955 1563 1998 et
1605 1951 1860 2015 capitulum
1900 1967 1980 1999 seu
2022 1952 2121 2000 eius
2160 1958 2433 2015 procurator

516 2041 670 2089 dictas
722 2040 773 2087 xl
820 2040 967 2089 libras
1014 2040 1157 2087 annui
1209 2039 1421 2088 redditus
1469 2040 1710 2087 annuatim
1762 2039 1919 2087 leuare
1964 2057 2055 2086 non
2119 2042 2323 2103 poterint
2382 2047 2432 2090 ut

515 2130 775 2192 predicitur
837 2128 1069 2177 Volumus
1127 2133 1176 2176 et
1230 2145 1315 2192 pro
1367 2128 1502 2176 nobis
1549 2132 1598 2176 et
1644 2129 1895 2177 heredibus
1938 2129 2111 2176 nostris
2165 2134 2214 2177 et
2261 2130 2432 2178 nostris

513 2218 862 2267 successoribus
925 2217 1226 2265 concedimus
1278 2217 1402 2280 quod
1455 2216 1581 2264 dicte
1627 2215 1678 2262 xl
1736 2215 1854 2263 libre
1900 2216 2041 2263 annui
2093 2217 2304 2265 redditus
2360 2218 2432 2264 vel

512 2311 650 2355 tanta
683 2322 866 2355 summa
906 2309 1084 2370 quanta
1119 2306 1176 2352 de
1213 2304 1263 2352 xl
1299 2304 1431 2352 libris
1471 2304 1696 2368 predictis
1737 2305 1794 2352 de
1834 2304 1974 2352 terris
2013 2306 2186 2353 nostris
2225 2306 2283 2352 de
2319 2306 2431 2354 Cor-

510 2396 740 2460 towquhy
769 2395 919 2443 leuari
953 2411 1047 2442 non
1081 2393 1288 2458 poterint
1323 2392 1398 2440 vel
1430 2392 1606 2456 poterit
1640 2392 1856 2439 leuentur
1878 2408 1961 2440 seu
1984 2391 2167 2440 leuetur
2203 2420 2213 2430 ·
2251 2420 2261 2430 ·
2300 2421 2310 2430 ·
2347 2410 2432 2456 per

509 2485 773 2549 predictum
798 2487 1151 2548 procuratorem
1187 2483 1245 2530 de
1268 2481 1408 2530 terris
1432 2480 1642 2528 Dominii
1664 2480 1811 2528 nostri
1835 2480 1892 2526 de
1917 2480 2133 2542 Brechyn
2157 2481 2256 2543 pari
2279 2482 2428 2528 forma

510 2578 564 2622 ut
587 2573 848 2638 predicitur
878 2573 936 2620 de
974 2571 1115 2619 terris
1138 2569 1311 2618 nostris
1335 2570 1392 2616 de
1418 2568 1736 2631 Cortowquhy
1758 2571 1810 2615 ut
1833 2567 2044 2630 superius
2078 2572 2377 2630 expressatur
2417 2597 2426 2605 ·

511 2665 578 2712 Et
618 2663 658 2712 si
694 2678 888 2710 necesse
923 2661 1066 2708 fuerit
1101 2661 1162 2707 ad
1198 2658 1566 2727 distringendum
1602 2660 1650 2704 et
1684 2656 1965 2702 namandum
2000 2671 2086 2718 pro
2122 2655 2297 2703 eisdem
2325 2657 2425 2704 sine

507 2752 703 2800 licentia
725 2754 938 2799 nostrum
962 2750 1186 2797 heredum
1210 2751 1475 2795 nostrorum
1510 2761 1591 2794 seu
1626 2748 1887 2792 nostrorum
1911 2758 2226 2791 successorum
2250 2744 2425 2792 totiens

509 2840 728 2905 quotiens
765 2854 957 2887 necesse
994 2837 1137 2885 fuerit
1174 2835 1274 2884 siue
1315 2835 1526 2882 defectus
1560 2832 1607 2880 in
1642 2831 1872 2880 solutione
1913 2831 2027 2878 dicti
2052 2831 2192 2878 annui
2216 2832 2425 2880 redditus
2465 2822 2469 2826 ’

507 2946 602 2978 non
633 2928 777 2978 soluti
806 2928 945 2975 modo
975 2941 1067 2989 quo
1101 2923 1378 2988 premissum
1413 2925 1486 2969 est
1524 2948 1534 2957 ·
1572 2920 1637 2967 Et
1664 2920 1723 2966 ad
1748 2919 1793 2965 id
1818 2918 2080 2965 faciendum
2104 2934 2160 2965 ac
2183 2919 2242 2965 ad
2267 2920 2422 2966 omnia

506 3018 601 3067 alia
623 3022 673 3066 et
698 3015 882 3080 singula
906 3031 995 3079 que
1026 3014 1154 3062 eirca
1176 3011 1454 3060 solutionem
1491 3008 1604 3056 dicti
1640 3007 1781 3054 annui
1805 3006 2015 3054 redditus
2037 3007 2174 3054 modo
2199 3010 2248 3054 et
2270 3007 2420 3054 forma

506 3107 676 3171 quibus
715 3104 975 3170 predicitur
1012 3102 1113 3151 sine
1160 3099 1267 3148 dolo
1313 3103 1361 3146 et
1406 3097 1569 3145 fraude
1615 3094 1918 3143 obseruandis
1962 3094 2089 3141 dicto
2129 3096 2418 3157 procuratori

506 3196 586 3260 qui
621 3176 708 3258 pro
744 3198 958 3256 tempore
995 3190 1138 3238 fuerit
1174 3204 1260 3252 pro
1279 3186 1431 3234 nobis
1466 3183 1715 3232 heredibus
1750 3210 1761 3220 ·
1800 3209 1810 3219 ·
1848 3209 1859 3219 ·
1893 3185 2101 3230 nostra-m
2137 3181 2330 3256 liberam
2368 3186 2416 3230 et

504 3283 763 3348 plenariam
789 3279 1129 3330 committimus
1151 3278 1436 3340 potestatem
1459 3277 1558 3321 tam
1583 3271 1630 3319 in
1653 3271 1793 3319 terris
1814 3269 1988 3318 nostris
2012 3270 2069 3316 de
2105 3269 2420 3333 Cortowquhy

1487 3363 1517 3411 7
