2950 3970
673 647 1135 704 REGISTRUM
1173 650 1705 706 EPISCOPATUS
1745 652 2328 709 BRECHINENSIS.
2385 653 2455 711 ’79

458 923 487 952 ³¹⁶
546 923 889 986 Deposiciones
923 924 1119 973 testium
1158 926 1217 973 de
1256 941 1410 974 annuo
1448 926 1634 974 redditu
1674 928 1730 974 de
1770 925 2042 975 Falconaris
2065 926 2218 975 landis
2241 928 2298 974 de
2324 928 2458 978 Mon-

544 1011 688 1060 troiss
724 1039 734 1050 ·

459 1193 524 1240 48
557 1155 796 1235 Decimo
820 1189 984 1251 quinto
1007 1190 1082 1237 die
1121 1190 1293 1238 mensis
1329 1191 1572 1238 Februarii
1606 1206 1728 1238 anno
1753 1187 1944 1238 Domini
1967 1190 2212 1239 millesimo
2247 1191 2462 1253 quadrin-

546 1276 807 1339 gentesimo
821 1276 1059 1326 tricesimo
1075 1278 1237 1341 quinto
1255 1279 1515 1342 comparuit
1530 1277 1764 1340 injudicio
1781 1277 1886 1326 loco
1901 1278 2211 1326 consistoriali
2223 1279 2459 1325 Reueren-

549 1366 637 1413 dus
659 1365 708 1412 in
723 1365 880 1414 Cristo
903 1369 1041 1428 pater
1053 1366 1086 1412 J
1091 1366 1298 1415 ohannes
1313 1367 1558 1430 episcopus
1573 1366 1902 1414 Brechinensis
1925 1366 1972 1412 in
1991 1365 2189 1414 ecclesia
2205 1354 2462 1413 cathedrali

549 1452 758 1501 eiusdem
793 1457 842 1501 et
876 1453 1063 1501 literam
1099 1454 1338 1502 citationis
1361 1471 1390 1502 a
1413 1454 1540 1501 dicto
1574 1457 1708 1516 patre
1743 1457 2009 1501 emanatam
2044 1454 2103 1500 ad
2139 1458 2292 1502 certos
2314 1458 2461 1502 testes

549 1542 765 1591 citandos
787 1542 873 1590 sub
896 1558 1019 1605 pena
1041 1542 1537 1590 excommunicationis
1569 1542 1637 1588 viz
1675 1568 1685 1578 -
1725 1539 1989 1588 Walterum
2008 1539 2148 1587 Clerk
2174 1540 2459 1588 Willelmum

552 1630 726 1694 Rugby
751 1630 1052 1678 Nicholaium
1079 1629 1269 1678 Fowlar
1289 1629 1581 1677 Willelmum
1606 1628 1760 1675 Colini
1784 1628 1943 1675 Dauid
1968 1629 2025 1674 de
2051 1627 2248 1675 Camera
2273 1628 2456 1676 Willel-

547 1734 676 1766 mum
712 1719 848 1782 Lang
881 1722 930 1767 et
955 1718 1281 1766 Alexandrum
1309 1717 1511 1765 Galfridi
1549 1744 1559 1754 ·
1596 1717 1660 1763 Et
1686 1716 1795 1779 quia
1829 1715 1982 1762 dictus
2016 1716 2295 1763 reuerendus
2329 1721 2462 1779 pater

548 1806 866 1856 considerauit
913 1809 1038 1871 quod
1084 1806 1348 1855 huiusmodi
1397 1820 1540 1853 causa
1584 1804 1732 1867 ipsum
1793 1802 2110 1866 principaliter
2154 1804 2460 1851 concernebat

547 1896 692 1944 alium
729 1896 913 1945 scilicet
948 1896 1223 1959 magistrum
1250 1894 1517 1942 Walterum
1553 1893 1610 1939 de
1647 1891 1894 1954 Lychtoun
1939 1894 2166 1938 rectorem
2202 1891 2259 1938 de
2295 1890 2460 1938 Adzell

549 1985 889 2034 Sanctiandree
927 1984 1142 2033 dioecesis
1187 1985 1247 2031 ad
1294 1979 1560 2030 huiusmodi
1605 1983 1753 2027 testes
1793 1979 2127 2026 examinandos
2172 1979 2414 2026 substituit
2452 2006 2463 2016 ·

551 2075 617 2122 Et
641 2078 694 2121 ut
717 2073 874 2122 dictus
897 2073 1181 2121 reuerendus
1203 2075 1340 2134 pater
1363 2069 1603 2118 asserebat
1628 2066 1890 2115 huiusmodi
1913 2070 2061 2114 testes
2085 2082 2218 2114 senes
2253 2070 2302 2114 et
2337 2066 2459 2114 vale-

549 2162 812 2211 tudinarios
846 2166 896 2210 et
931 2175 1033 2209 esse
1065 2160 1155 2208 sibi
1189 2158 1478 2207 necessarios
1523 2157 1583 2204 ad
1630 2171 1762 2203 suum
1800 2155 1848 2201 in
1886 2155 1974 2201 hac
2002 2169 2143 2202 causa
2176 2155 2460 2217 probandum

550 2251 673 2298 unde
696 2267 727 2298 a
750 2250 878 2297 dicto
902 2249 1159 2298 substituto
1182 2247 1320 2310 petiit
1339 2249 1569 2309 quatenus
1588 2244 1740 2291 dictos
1762 2246 1911 2290 testes
1934 2258 2099 2304 magno
2123 2243 2459 2290 interueniente

551 2342 848 2389 sacramento
877 2339 1023 2400 juxta
1058 2337 1258 2384 formam
1295 2333 1711 2381 examinandorum
1752 2330 1945 2377 testium
1985 2329 2215 2392 reciperet
2256 2345 2358 2376 cum
2402 2332 2459 2377 de

550 2429 758 2492 ipsorum
801 2430 954 2474 morte
1000 2429 1054 2473 ut
1099 2423 1300 2473 asseruit
1345 2419 1660 2469 verisimiliter
1704 2418 1959 2465 timebatur
2008 2444 2018 2454 ·
2073 2417 2137 2463 Et
2183 2433 2241 2463 ne
2286 2418 2458 2465 veritas

547 2515 867 2564 occultaretur
903 2517 953 2562 et
989 2513 1127 2576 copia
1149 2509 1444 2575 probacionis
1480 2507 1569 2555 sibi
1606 2505 1813 2554 fortuitis
1851 2505 2035 2552 casibus
2057 2504 2408 2551 subtraheretur
2444 2533 2453 2542 ·

551 2605 617 2652 Et
639 2605 767 2667 ipsos
783 2604 928 2665 juxta
949 2600 1174 2649 articulos
1198 2598 1343 2661 ipsius
1367 2595 1608 2644 reuerendi
1634 2593 1782 2656 patris
1817 2593 1864 2639 in
1891 2592 2070 2653 judicio
2093 2591 2312 2654 prouidos
2335 2593 2457 2640 viros

554 2692 792 2740 exhibitos
829 2690 1079 2753 diligenter
1116 2687 1409 2735 examinaret
1447 2684 1600 2731 dictus
1637 2697 1746 2729 vero
1782 2681 1815 2727 J
1820 2681 1944 2727 udex
1984 2679 2264 2727 substitutus
2309 2680 2459 2727 dictos

554 2781 821 2829 nominatos
843 2783 994 2827 testes
1011 2776 1161 2839 jurari
1183 2775 1297 2822 fecit
1335 2801 1344 2810 ·
1383 2773 1447 2819 Et
1472 2770 1581 2834 quia
1603 2768 1748 2831 aliqui
1773 2783 1930 2814 eorum
1955 2766 2169 2813 videlicet
2196 2765 2460 2814 WiHelmus

557 2869 712 2918 Colini
749 2867 1020 2915 Willelmus
1060 2866 1192 2925 Lang
1227 2866 1276 2909 et
1314 2859 1472 2907 Dauid
1510 2858 1567 2904 de
1605 2856 1802 2904 Camera
1852 2870 1944 2900 non
1980 2853 2167 2900 fuerunt
2204 2868 2339 2902 senes
2373 2871 2457 2901 nec

556 2957 888 3006 valetudinarii
911 2956 1038 3019 ipsos
1060 2952 1300 3017 predictus
1317 2949 1466 3010 judex
1490 2944 1774 2994 substitutus
1797 2957 1889 2989 non
1913 2940 2101 2988 admisit
2125 2941 2413 3003 recipiendos
2450 2970 2458 2978 ·

558 3047 736 3095 Dictus
772 3046 962 3108 insuper
999 3040 1283 3090 reuerendus
1317 3037 1365 3083 in
1401 3035 1556 3082 Cristo
1591 3035 1727 3094 pater
1748 3045 1832 3092 per
1854 3044 1927 3075 me
1952 3028 2186 3074 dominum
2211 3028 2463 3075 Patricium

559 3134 778 3183 Nicholai
802 3133 1002 3182 scribam
1028 3130 1154 3178 curie
1190 3142 1246 3175 ac
1280 3123 1515 3188 publicum
1561 3118 1793 3167 notari-um
1830 3114 2116 3163 venerabiles
2154 3119 2202 3161 et
2247 3116 2463 3177 prouidos

558 3223 683 3272 viros
712 3221 986 3284 magistrum
1010 3216 1320 3266 Cuthbertum
1345 3213 1571 3258 decanum
1609 3204 1969 3252 Brechinensem
2005 3202 2083 3264 qui
2118 3206 2313 3263 protunc
2336 3205 2463 3263 graui

560 3310 832 3359 infirmitate
865 3306 1164 3356 detinebatur
1201 3300 1434 3349 dominum
1461 3295 1725 3344 Gilbertum
1750 3292 1909 3338 Broun
1932 3293 2248 3352 precentorem
2275 3289 2467 3337 ecclesie
