2950 3970
503 670 574 722 14
639 666 1102 723 REGISTRUM
1140 664 1679 721 EPISOOPATUS
1719 666 2312 722 BRECHINENSIS.

500 858 640 903 modo
675 855 858 904 meliori
883 870 976 918 quo
1005 853 1212 917 possitis.
1285 853 1350 900 Et
1384 853 1475 900 hoc
1498 851 1628 901 nullo
1662 854 1803 900 modo
1826 854 2076 903 omittatis.
2145 854 2325 902 Datum
2350 855 2438 902 suh

501 944 653 1006 sigillo
689 947 851 992 nostro
888 946 1085 991 secreto.
1155 942 1296 1004 Apud
1324 940 1597 1004 Edinburgh
1632 941 1857 1003 vigesima
1893 942 1970 990 die
2007 943 2289 991 Nouembris
2311 958 2436 990 anno

502 1037 664 1080 nostro
686 1032 930 1094 trigesimo
953 1031 1118 1094 primo.

503 1242 808 1291 Confirmatio
833 1239 1093 1305 capellanie
1119 1240 1177 1286 de
1203 1239 1348 1287 Boith
1373 1256 1458 1302 per
1483 1203 1643 1286 Dauid
1668 1254 1824 1301 regem
1850 1239 2112 1287 Scotorum.

417 1389 474 1435 11
510 1355 709 1434 Dauid
734 1386 828 1434 Dei
851 1385 1010 1448 gracia
1033 1400 1119 1432 rex
1145 1385 1396 1432 Scotorum
1419 1382 1634 1431 omnibus
1657 1382 1817 1445 probis
1850 1382 2117 1431 hominibus
2139 1383 2289 1431 totius
2310 1385 2436 1430 terre

503 1491 586 1523 sue
621 1474 806 1522 clericis
842 1478 891 1522 et
925 1473 1060 1521 laicis
1094 1471 1296 1520 salutem
1321 1470 1498 1519 Sciatis
1531 1486 1618 1518 nos
1651 1471 1938 1534 approbasse
1971 1471 2230 1520 ratificasse
2264 1475 2314 1519 et
2347 1471 2437 1518 hac

502 1564 712 1627 presenti
753 1566 887 1610 carta
925 1566 1089 1610 nostra
1129 1561 1429 1609 confirmasse
1471 1559 1779 1606 donacionem
1820 1558 1949 1606 illam
1991 1563 2041 1607 et
2085 1559 2435 1608 concessionem

504 1668 621 1716 quas
646 1653 880 1716 quondam
908 1649 1155 1698 Walterus
1178 1651 1236 1697 de
1263 1647 1457 1695 Maulea
1492 1648 1551 1694 de
1588 1647 1794 1694 Panmur
1815 1647 1930 1694 fecit
1964 1651 2014 1695 et
2045 1647 2278 1695 concessit
2301 1663 2439 1694 vene-

505 1741 643 1788 rabili
681 1740 730 1787 in
754 1740 914 1788 Cristo
951 1738 1077 1802 patri
1118 1738 1352 1801 quondam
1390 1737 1496 1783 Ade
1531 1734 1729 1783 ecclesie
1766 1735 2099 1783 Brechinensis
2132 1735 2354 1798 episcopo
2388 1739 2437 1782 et

505 1831 657 1877 eidem
703 1828 901 1876 ecclesie
937 1843 1019 1875 sue
1056 1827 1114 1873 de
1150 1824 1414 1888 capellania
1449 1825 1507 1871 de
1544 1823 1689 1871 Boith
1724 1827 1774 1871 et
1810 1823 1869 1870 de
1903 1827 2033 1870 terra
2079 1823 2137 1870 de
2174 1822 2437 1885 Carncorty

506 1934 611 1964 cum
658 1915 963 1980 pertinenciis
1008 1930 1066 1962 ac
1106 1914 1252 1962 etiam
1298 1912 1604 1960 donacionem
1653 1910 1782 1958 illam
1829 1915 1878 1958 et
1925 1911 2275 1959 concessionem
2321 1927 2438 1974 quas

509 2006 746 2069 quondam
770 2003 978 2052 Cristina
1013 2004 1071 2050 de
1108 2001 1326 2050 Valoniis
1352 2000 1542 2048 domina
1579 1998 1664 2060 [de
1702 2000 1932 2065 Panmur]
1969 2000 2085 2048 fecit
2120 2004 2170 2047 et
2205 2001 2436 2048 concessit

508 2094 686 2158 capelle
711 2095 770 2141 de
795 2093 941 2141 Boith
976 2093 1034 2139 de
1068 2095 1199 2139 terra
1233 2091 1290 2137 de
1321 2088 1614 2137 Botmernok
1638 2103 1744 2134 cum
1767 2087 2072 2150 pertinenciis
2094 2089 2142 2134 in
2165 2091 2437 2136 tenemento

509 2185 566 2230 de
591 2184 809 2229 Panmur.
880 2180 947 2227 Et
967 2181 1025 2227 de
1045 2179 1226 2226 duabus
1245 2177 1415 2226 marcis
1433 2176 1762 2238 sterlingorum
1780 2176 2024 2224 annuatim
2043 2176 2216 2224 debitis
2235 2176 2293 2223 de
2310 2180 2439 2224 terra

509 2274 566 2318 de
593 2270 791 2318 Breckis
813 2285 898 2332 per
915 2268 1135 2315 abbatem
1155 2271 1204 2314 et
1223 2269 1508 2313 conuentum
1526 2264 1799 2312 monasterii
1823 2265 1881 2311 de
1907 2264 2258 2312 Abirbrothock
2275 2268 2440 2312 teneu-

508 2362 615 2407 dam
651 2364 700 2406 et
734 2358 998 2406 habendam
1023 2355 1176 2403 eidem
1200 2353 1398 2402 ecclesie
1423 2353 1732 2401 Brechinensi
1768 2353 1989 2416 episcopo
2014 2369 2103 2416 que
2128 2357 2177 2401 et
2201 2354 2439 2401 canonicis

507 2450 714 2498 eiusdem
738 2448 1081 2510 imperpetuum
1105 2459 1211 2491 cum
1235 2442 1450 2491 omnibus
1484 2442 1627 2490 terris
1643 2441 1912 2489 redditibus
1927 2441 2114 2503 juribus
2137 2441 2438 2490 libertatibus

508 2535 921 2585 commoditatibus
943 2531 1218 2580 asiamentis
1241 2535 1291 2579 et
1311 2530 1458 2592 justis
1479 2529 1786 2593 pertinenciis
1809 2529 2176 2593 quibuscumque
2199 2530 2260 2577 ad
2286 2530 2439 2579 dictas

507 2625 735 2689 capellam
770 2628 819 2671 et
852 2627 1005 2670 terras
1028 2619 1353 2684 spectantibus
1376 2635 1460 2667 seu
1494 2618 1822 2682 quoquomodo
1849 2618 1989 2679 juste¹
2002 2623 2219 2681 spectare
2241 2618 2440 2667 valenti-

508 2717 594 2763 bus
634 2715 682 2761 in
719 2714 927 2761 futurum
967 2709 1114 2757 libere
1155 2707 1365 2772 plenarie
1399 2707 1593 2770 pacifice
1628 2710 1677 2754 et
1714 2706 1885 2769 quiete.
1959 2707 2019 2753 In
2053 2706 2186 2754 cuius
2209 2707 2278 2754 rei
2296 2708 2436 2756 testi-

508 2804 714 2852 monium
732 2800 941 2866 presenti
965 2802 1094 2846 carte
1118 2795 1492 2845 confirmacionis
1514 2798 1674 2843 nostre
1698 2793 1899 2856 sigillum
1917 2798 2127 2842 nostrum
2145 2795 2439 2858 precepimus

508 2892 681 2957 apponi
698 2890 920 2938 Testibus
935 2885 1279 2935 venerabilibus
1293 2884 1342 2931 in
1357 2881 1749 2946 Cristopatribus.
1760 2881 2004 2930 Willelmo
2017 2882 2238 2945 episcopo
2254 2882 2439 2931 Sancti-

508 2983 683 3030 andree
730 2983 779 3027 et
815 2978 849 3025 J
853 2977 1036 3024 ohanne
1072 2974 1294 3037 episcopo
1313 2969 1659 3019 'Dunkeldensi
1707 2969 1924 3018 Roberto
1969 2970 2230 3018 senescallo
2254 2971 2436 3028 'Scotie

507 3071 679 3118 comite
716 3068 774 3115 de
815 3064 1092 3114 Stratherne
1135 3061 1344 3109 Patricio
1376 3059 1550 3107 comite
1576 3057 1792 3106 Marchie
1813 3062 1864 3106 et
1889 3039 2106 3106 Mor-anie
2142 3059 2354 3107 Roberto
2379 3061 2437 3108 de

509 3160 725 3222 Erskyne
760 3159 810 3203 et
843 3154 877 3200 J
881 3153 1063 3200 ohanne
1087 3151 1146 3197 de
1171 3150 1404 3197 Prestoun
1426 3146 1670 3194 militibus.
1739 3146 1884 3209 Apud
1920 3145 2193 3210 Edinburgh
2217 3147 2438 3196 vicesimo

509 3251 584 3298 die
609 3242 886 3295 Novembris
908 3255 1031 3288 anno
1054 3238 1184 3301 regni
1208 3236 1358 3285 nostri
1380 3235 1620 3284 tricesimo
1644 3233 1807 3297 primo.
