2950 3970
601 629 1065 684 REGISTRUM
1103 630 1640 688 EPISCOPATUS
1679 633 2266 691 BRECHINENSIS.
2344 638 2446 690 111

531 823 580 867 et
620 822 940 867 tenementum
987 819 1167 882 anglice
1208 825 1426 869 vocatum
1462 821 1713 871 Thowlace
1747 822 1886 870 lande
1921 839 1982 871 ex
2022 827 2156 887 parte
2181 823 2395 872 orientali
2419 840 2448 870 a

530 912 666 971 parte
712 907 866 955 altera
902 936 913 945 -
951 908 1131 962 Quibus
1172 909 1386 957 omnibus
1424 911 1708 959 tenementis
1753 914 1802 959 et
1847 911 1988 960 terris
2028 912 2350 960 deficientibus
2389 928 2449 959 ex

533 997 688 1046 causis
725 996 1003 1059 subscriptis
1041 1025 1050 1034 ·
1090 1026 1099 1034 ·
1140 1025 1148 1034 ·
1187 998 1243 1045 de
1283 1002 1412 1045 terra
1452 1015 1557 1046 mea
1597 999 1655 1046 de
1691 998 1872 1047 Aldbar
1906 999 2027 1047 infra
2071 999 2448 1048 vicecomitatum

532 1087 590 1134 de
616 1086 787 1134 Forfar
823 1114 833 1123 ·
871 1086 1143 1134 Tenendum
1183 1115 1191 1123 ·
1232 1114 1241 1124 ·
1281 1115 1290 1123 ·
1326 1088 1558 1149 prefatum
1577 1103 1782 1135 annuum
1806 1088 2039 1136 redditum
2078 1116 2088 1125 ·
2128 1116 2137 1125 ·
2176 1117 2186 1125 ·
2223 1088 2350 1136 dicto
2374 1089 2452 1134 do-

533 1176 661 1223 mino
681 1175 920 1238 Episcopo
959 1203 968 1211 ·
1009 1203 1018 1211 -
1058 1203 1067 1211 ·
1104 1178 1153 1222 et
1172 1175 1269 1223 suis
1291 1175 1542 1238 assignatis
1580 1203 1590 1212 ·
1629 1203 1639 1212 ·
1678 1202 1687 1213 =
1724 1192 1754 1223 a
1775 1192 1849 1223 me
1867 1175 2116 1224 heredibus
2133 1176 2250 1224 meis
2268 1180 2317 1224 et
2335 1176 2452 1223 meis

532 1263 882 1313 successoribus
922 1263 1288 1327 quibuscumque
1324 1264 1374 1310 in
1406 1263 1546 1312 feodo
1581 1268 1630 1312 et
1663 1264 1928 1312 hereditate
1970 1264 2311 1328 imperpetuum
2350 1293 2358 1301 ·
2398 1293 2407 1301 ·
2442 1293 2451 1301 ·

534 1354 601 1401 Et
637 1353 677 1402 si
711 1353 835 1401 forte
870 1352 1112 1414 contingat
1148 1353 1272 1415 quod
1307 1352 1432 1400 dicte
1455 1355 1580 1400 terre
1604 1368 1706 1400 mee
1741 1367 1824 1400 seu
1856 1355 2126 1400 tenementa
2148 1352 2269 1399 infra
2291 1352 2453 1399 ciuitas

533 1448 632 1491 tem
658 1441 1024 1490 Brechinensem
1043 1440 1255 1502 jacentia
1292 1469 1301 1478 ·
1341 1469 1350 1478 ·
1390 1469 1400 1478 ·
1435 1440 1560 1503 longi
1577 1440 1803 1504 temporis
1824 1455 2046 1503 processu
2069 1440 2248 1488 ruinam
2272 1440 2455 1504 patian-

534 1537 614 1581 tur
635 1536 720 1590 aut
744 1531 865 1593 ignis
902 1530 1118 1577 incendio
1155 1545 1238 1577 seu
1275 1529 1432 1592 aliquo
1468 1528 1562 1576 alio
1596 1544 1886 1592 quocumque
1918 1544 2029 1577 casu
2052 1529 2351 1577 destruantur
2374 1544 2456 1576 seu

536 1624 871 1670 consumantur
908 1623 991 1666 aut
1029 1618 1335 1666 deuastentur
1368 1617 1442 1664 vel
1476 1633 1560 1680 per
1592 1617 1923 1664 forefacturam
1957 1620 2039 1664 aut
2075 1616 2453 1665 confiscationem

539 1712 600 1759 ad
624 1724 792 1757 manus
818 1708 964 1770 Regis
990 1706 1214 1770 Episcopi
1239 1705 1571 1754 Brechinensis
1589 1704 1663 1753 vel
1681 1705 2010 1768 cuiuscumque
2027 1704 2222 1752 alterius
2239 1705 2456 1752 deuenire

540 1800 816 1863 contingant
863 1802 912 1845 et
958 1797 1084 1844 facte
1129 1794 1305 1842 fuerint
1351 1792 1735 1856 indistringibiles
1780 1807 1865 1841 seu
1908 1791 2284 1855 indistringibilia
2336 1793 2456 1839 unde

540 1891 696 1938 dictus
731 1903 914 1936 annuus
948 1885 1161 1933 redditus
1195 1899 1288 1931 non
1323 1883 1474 1946 possit
1510 1881 1752 1929 annuatim
1797 1882 1855 1928 de
1900 1881 2040 1929 terris
2084 1884 2133 1928 et
2177 1880 2458 1928 tenementis

540 1978 768 2044 predictis
806 2005 817 2014 ·
856 2005 866 2013 ·
905 2003 915 2012 -
946 1973 1095 2022 leuari
1132 1989 1217 2036 per
1254 1972 1433 2019 dictum
1472 1999 1481 2008 ·
1522 1999 1531 2008 ·
1571 1998 1580 2007 ·
1620 1969 1907 2033 Episcopum
1945 1968 2019 2016 vel
2056 1984 2165 2016 suos
2199 1968 2458 2030 assignatos

595 2098 604 2106 -
644 2096 654 2105 ·
690 2070 774 2115 aut
815 2078 1110 2128 quocumque
1146 2065 1359 2124 tempore
1401 2076 1485 2123 per
1530 2059 1681 2122 ipsum
1721 2058 1796 2106 vel
1844 2056 2099 2120 capitulum
2146 2056 2459 2104 Brechinense

542 2155 851 2219 assignandos
877 2181 887 2190 ·
915 2181 925 2190 ·
954 2180 964 2189 ·
992 2150 1178 2198 Licebit
1206 2177 1215 2186 -
1244 2177 1253 2186 ·
1285 2177 1294 2186 ·
1321 2148 1450 2196 dicto
1473 2148 1693 2211 episcopo
1716 2151 1765 2194 et
1789 2146 1886 2195 suis
1918 2145 2166 2208 assignatis
2188 2161 2271 2208 per
2304 2161 2354 2193 se
2388 2144 2461 2191 vel

542 2244 800 2310 capitulum
825 2247 878 2291 ut
903 2256 1044 2304 supra
1066 2239 1308 2286 uniuersas
1342 2241 1391 2285 et
1425 2236 1630 2299 singulas
1651 2231 1803 2283 terras
1824 2249 1955 2282 meas
1989 2234 2047 2280 de
2082 2232 2261 2280 Aldbar
2282 2232 2461 2295 predic-

542 2340 620 2384 tas
644 2350 749 2382 cum
785 2328 1091 2395 pertinenciis
1124 2342 1181 2374 ac
1213 2325 1483 2373 habitantes
1517 2324 1565 2371 in
1600 2323 1774 2371 eisdem
1810 2322 2167 2384 eorumdemque
2195 2319 2459 2367 inhabitan-

545 2425 669 2472 cium
691 2423 818 2470 bona
852 2423 902 2467 et
938 2417 1113 2466 catalla
1147 2429 1437 2479 quecumque
1460 2412 1718 2474 astringere
1753 2414 1802 2458 et
1835 2425 2024 2456 namare
2059 2412 2108 2456 et
2141 2407 2237 2456 suis
2258 2407 2459 2470 propriis

545 2514 707 2562 usibus
729 2510 969 2575 applicare
1007 2535 1018 2545 ·
1054 2506 1221 2554 Donec
1257 2503 1386 2551 dicto
1421 2501 1608 2550 domino
1632 2500 1850 2563 episcopo
1887 2501 1936 2545 et
1972 2497 2068 2546 suis
2104 2495 2352 2558 assignatis
2388 2495 2462 2541 vel

545 2600 743 2666 capituli
766 2603 820 2647 ut
843 2612 986 2661 supra
1010 2596 1067 2642 de
1091 2593 1276 2658 prefato
1299 2606 1454 2639 annuo
1479 2588 1666 2636 redditu
1689 2586 1852 2649 viginti
1875 2602 1961 2634 sex
1982 2583 2234 2632 solidorum
2269 2587 2318 2630 et
2352 2587 2460 2630 octo

545 2690 841 2740 denariorum
866 2684 1075 2750 plenarie
1114 2711 1124 2720 ·
1163 2710 1173 2719 ·
1212 2710 1221 2719 ·
1257 2679 1398 2727 fuerit
1420 2677 1662 2726 annuatim
1696 2676 1756 2722 ad
1790 2673 2014 2722 terminos
2046 2671 2329 2734 prescriptos
2360 2686 2464 2732 per-

546 2781 751 2830 solutum
791 2805 800 2815 ·
840 2805 850 2813 ·
890 2803 900 2813 ·
937 2774 1014 2822 Ad
1052 2771 1175 2835 quod
1207 2768 1470 2817 faciendum
1496 2766 1646 2812 eidem
1684 2791 1695 2801 ·
1734 2791 1743 2800 ·
1783 2790 1793 2800 ·
1829 2761 2047 2824 episcopo
2070 2763 2119 2807 et
2141 2759 2237 2808 suis
2259 2758 2462 2820 assigna-

546 2871 612 2919 tis
649 2897 659 2906 ·
699 2896 709 2905 ·
749 2895 758 2904 -
795 2878 982 2913 exnunc
1015 2862 1155 2924 prout
1191 2861 1366 2905 extunc
1404 2858 1453 2902 et
1488 2869 1514 2900 e
1551 2866 1775 2900 conuerso
1798 2865 1882 2912 pro
1905 2864 1979 2895 me
2003 2851 2051 2895 et
2074 2846 2323 2894 heredibus
2346 2846 2461 2893 meis

547 2963 596 3007 et
622 2957 739 3005 meis
761 2950 1107 3003 successoribus
1130 2944 1380 3008 assignatis
1412 2941 1486 2990 vel
1519 2938 1808 3002 assignandis
1830 2940 2035 2984 nostram
2059 2934 2315 2998 plenariam
2353 2961 2362 2970 -
2401 2962 2409 2971 -
2450 2961 2459 2970 -

547 3048 836 3111 potestatem
861 3041 1026 3088 damus
1063 3065 1073 3074 ·
1116 3065 1125 3074 ·
1165 3063 1174 3072 ·
1210 3047 1376 3095 meque
1398 3030 1595 3078 heredes
1629 3041 1758 3074 meos
1795 3039 2088 3073 successores
2123 3026 2171 3070 et
2204 3022 2464 3084 assignatos

551 3137 611 3184 ad
634 3135 726 3181 hoc
762 3132 887 3179 bona
922 3128 1012 3175 fide
1050 3121 1350 3185 astringendo
1387 3147 1397 3156 ·
1437 3146 1446 3155 ·
1486 3145 1495 3154 -
1532 3116 1631 3164 sine
1653 3114 1816 3161 fraude
1854 3140 1863 3149 ·
1903 3140 1912 3149 ·
1951 3139 1961 3149 ·
1997 3109 2071 3158 vel
2093 3109 2335 3158 obstaculo
2364 3110 2463 3172 qui-

550 3227 838 3283 buscumque
879 3245 889 3255 ·
926 3216 993 3263 Et
1017 3229 1102 3276 ego
1125 3226 1235 3259 vero
1259 3209 1413 3256 dictus
1437 3203 1708 3253 Alexander
1729 3200 1925 3248 heredes
1947 3198 2040 3246 mei
2083 3226 2092 3235 ·
2132 3225 2141 3235 ·
2180 3225 2190 3234 -
2231 3197 2463 3260 prefatum

551 3326 755 3361 annuum
797 3304 1032 3354 redditum
1072 3329 1080 3339 ·
1121 3329 1129 3337 -
1170 3327 1179 3336 ·
1216 3293 1607 3345 varantizabimus
1644 3319 1653 3328 ·
1693 3318 1702 3328 ·
1742 3318 1750 3327 ·
1790 3291 1860 3336 Ac
1883 3287 1969 3336 sub
1992 3286 2226 3349 ypotheca
2262 3289 2311 3332 et
2349 3284 2464 3331 obli·
