3034 3990
449 594 546 647 viii

452 966 511 1000 78.

452 1345 514 1382 80.

452 1600 513 1635 81.

454 1917 517 1954 83.

452 2110 514 2146 84.

457 2365 518 2401 85.

456 2619 518 2655 86.

455 2746 517 2781 87.

458 2936 519 2971 88.

459 3191 520 3227 89.

457 3381 519 3417 90.

1354 590 1818 647 TABULA.

638 777 786 822 patrem
829 771 1052 810 Johannem
1095 771 1331 819 Episcopum
1378 769 1676 808 Brechinensem
1714 775 1754 808 et
1791 768 2012 808 Johannem
2051 770 2100 807 de
2139 770 2296 809 Cullace
2333 772 2608 820 portionarium
2656 773 2703 810 de

636 837 826 887 Menmur.
884 832 953 887 [19
974 833 1073 873 Dec.
1096 834 1208 871 1450.
1229 833 1282 871 so.
1304 831 1363 885 L.]

569 962 842 1012 Depositiones
870 962 1026 999 testium
1055 972 1175 1009 penes
1205 958 1530 997 Archidiaconum
1551 958 1854 996 Brechinensem
1873 961 1914 996 et
1932 958 2136 997 ecclesiam
2156 959 2204 998 de
2226 961 2484 1012 Straquhyne.
2540 961 2582 1013 [6
2606 962 2701 1000 Mar.

638 1026 797 1063 1450-1.
816 1025 868 1063 fo.
889 1023 1025 1076 cxliij.]

577 1153 808 1201 preceptum
842 1150 960 1199 Regis
987 1150 1036 1187 de
1063 1149 1334 1187 obseruatione
1362 1152 1550 1185 metarum
1579 1148 1679 1185 inter
1709 1145 1944 1196 Episcopum
1974 1147 2274 1187 Brechinensem
2303 1156 2342 1188 et
2367 1150 2630 1190 Portionarios
2659 1152 2707 1190 de

637 1215 833 1253 Menmur.
891 1210 962 1264 [30
981 1212 1077 1251 Jun.
1101 1212 1215 1249 1451.
1233 1211 1283 1249 fo.
1305 1211 1356 1249 lv.
1377 1209 1436 1264 b.]

572 1344 872 1382 Instrumentum
902 1340 969 1378 ubi
997 1338 1214 1389 Episcopus
1244 1338 1516 1377 Brechinensis
1545 1341 1781 1387 protestatus
1809 1343 1866 1375 est
1896 1338 1944 1375 de
1972 1338 2135 1376 emenda
2161 1351 2232 1394 pro
2259 1341 2455 1380 erectione
2479 1342 2647 1392 lapidum
2668 1348 2708 1382 et

636 1407 849 1456 repletione
879 1405 1070 1443 fossarum
1098 1403 1286 1442 factarum
1314 1403 1415 1441 inter
1441 1407 1563 1440 terras
1583 1401 1758 1440 Ecclesie
1779 1401 2051 1439 Brechinensis
2070 1407 2110 1439 et
2131 1402 2365 1442 Balnsmone
2385 1410 2422 1442 et
2445 1405 2619 1444 Balzordi
2641 1420 2709 1457 per

634 1470 855 1508 Johannem
877 1468 1043 1508 Cullaiss
1063 1474 1102 1506 et
1120 1467 1317 1505 dominum
1337 1466 1385 1504 de
1406 1465 1596 1513 Balzordi,
1616 1471 1689 1504 etc.
1745 1462 1815 1516 [lO
1836 1465 1927 1515 Maij
1954 1466 2066 1502 1451.
2088 1465 2140 1503 fo.
2162 1466 2214 1516 lij,
2237 1465 2293 1519 b.]

573 1598 687 1635 Carta
715 1596 951 1634 fundationis
983 1595 1179 1645 Capeliani
1199 1595 1246 1632 ad
1265 1595 1384 1632 altare
1415 1594 1556 1633 Sancte
1587 1594 1725 1632 Crucis
1744 1593 1844 1632 infra
1866 1593 2133 1632 cathedralem
2163 1593 2364 1632 ecclesiam
2394 1595 2706 1636 Brechinensem.

638 1658 703 1711 [ll
727 1660 817 1697 Jun.
844 1660 957 1696 1451.
978 1659 1030 1696 fo.
1051 1657 1148 1711 cxj.]

506 1817 513 1825 .
569 1786 740 1825 Donatio
759 1786 831 1824 fori
854 1786 1126 1825 Brechinensis
1145 1786 1193 1824 ad
1212 1786 1314 1824 diem
1335 1786 1597 1831 Dominicum,
1619 1791 1694 1824 etc.
1752 1783 1791 1837 [l
1817 1787 1906 1836 Sep.
1931 1787 2044 1822 1451.
2066 1784 2119 1822 fo.
2141 1784 2266 1838 xxvj.]

574 1915 777 1965 Inquisitio
804 1914 909 1954 fucta
936 1914 1039 1964 apud
1068 1914 1303 1952 Kincardine
1330 1913 1454 1963 primo
1481 1913 1545 1952 die
1573 1914 1715 1952 mensis
1745 1913 1891 1963 Aprilis
1915 1912 2022 1952 ΑΒ.
2043 1911 2247 1950 millesimo
2267 1918 2381 1952 cccc⁰·
2414 1915 2707 1966 quadragesimo

639 1983 777 2018 octauo
797 1991 912 2028 super
931 1977 1110 2016 secundis
1137 1977 1296 2016 decimis
1315 1977 1363 2015 de
1383 1978 1544 2016 Mernis.
1600 1977 1736 2028 (Carta
1754 1977 1802 2015 de
1822 1976 2073 2028 Inspexisse.)
2131 1975 2171 2027 [l
2196 1977 2285 2026 Sep.
2308 1979 2420 2016 1451.
2440 1979 2494 2017 fo.
2514 1980 2600 2033 lvj.]

571 2107 881 2145 procuratorium
919 2106 1103 2156 Episcopi
1139 2105 1410 2143 Brechinensis
1448 2104 1600 2143 Decani
1636 2110 1677 2144 et
1713 2105 1882 2155 Capituli
1914 2105 2086 2156 ejusdem
2119 2110 2160 2144 et
2192 2105 2487 2146 communitatis
2528 2109 2706 2147 Ciuitatis

637 2171 906 2209 Brechinensis
926 2183 1041 2219 super
1060 2169 1390 2219 perambulatione
1411 2174 1596 2207 terrarum
1620 2169 1796 2208 Ecclesie
1816 2169 2087 2208 Brechinensis
2106 2174 2147 2208 et
2168 2169 2358 2209 Menmur.
2417 2169 2460 2223 [4
2481 2172 2569 2222 Sep.
2595 2175 2705 2212 1451.

634 2235 686 2272 fo.
707 2235 746 2285 lj,
767 2235 823 2289 b.]

575 2363 808 2412 Preceptum
840 2362 1091 2400 Vicecomitis
1120 2361 1167 2399 de
1198 2360 1334 2399 Forfar
1362 2374 1481 2410 penes
1510 2362 1803 2399 arrestationem
1831 2361 2030 2398 bladorum
2051 2362 2325 2399 seminatorum
2351 2375 2399 2400 ex
2421 2369 2530 2412 parte
2555 2365 2709 2402 australi

635 2439 734 2476 aque
772 2427 819 2465 de
860 2425 989 2464 Cruok
1024 2438 1092 2474 per
1125 2425 1257 2462 Dauid
1292 2424 1478 2474 Balbirny
1516 2437 1663 2462 marum
1703 2423 1896 2470 Quartarii
1928 2423 1975 2462 de
2006 2424 2207 2462 Brechine.
2275 2423 2318 2476 [8
2348 2432 2386 2464 et
2415 2427 2438 2464 9
2473 2427 2562 2477 Sep.
2596 2429 2707 2467 1451.

635 2490 687 2528 fo.
709 2491 792 2540 liiij,
813 2488 871 2543 b.]

573 2618 753 2656 Facultas
773 2617 962 2656 condendi
983 2622 1214 2655 testamenta
1233 2629 1417 2655 concessa
1437 2617 1652 2666 Episcopis.
1711 2613 1781 2667 [24
1803 2616 1892 2666 Sep.
1916 2617 2028 2654 1451.
2048 2616 2100 2654 fo.
2118 2616 2171 2661 iii,
2194 2615 2248 2667 v.]

573 2745 872 2782 Instrumentum
913 2757 1028 2794 super
1065 2744 1325 2782 declaratione
1355 2744 1508 2782 unionis
1542 2742 1700 2792 Capelle
1735 2743 1965 2793 Magdalene
1994 2743 2041 2781 ad
2077 2743 2337 2792 Capelianiam
2377 2744 2516 2783 Sancte
2557 2747 2705 2786 Crucis.

642 2805 683 2858 [8
706 2808 797 2858 Maij
823 2808 936 2846 1456.
955 2808 1008 2845 fo.
1029 2806 1151 2860 cxxj.]

579 2935 708 2972 Litera
740 2934 863 2984 Regia
890 2934 1038 2972 directa
1067 2934 1296 2973 Vicecomiti
1326 2934 1374 2972 de
1399 2934 1537 2972 Forfar
1557 2938 1598 2972 et
1616 2935 1695 2971 suis
1722 2933 1915 2982 deputatis
1943 2934 1991 2972 ad
2010 2935 2257 2973 inhibendum
2290 2938 2439 2977 Thome
2469 2939 2633 2978 Cullaiss
2659 2953 2706 2978 ne

643 2999 871 3035 intromittat
897 3011 983 3036 cum
1013 2999 1123 3036 terris
1152 2998 1326 3036 Ecclesie
1348 2998 1600 3036 Brechinensi
1620 2997 1900 3046 pertinentibus
1913 3011 1924 3042 3
1946 2997 1998 3035 Et
2016 2999 2149 3037 citatio
2168 2999 2351 3050 ejusdem.
2408 3000 2450 3054 [6
2469 3009 2508 3041 et
2527 3005 2576 3041 29
2599 3003 2704 3054 Sept.

643 3063 755 3100 1457.
774 3062 827 3099 fo.
847 3062 915 3112 liij,
937 3061 993 3115 b.]

580 3190 695 3227 Carta
720 3188 748 3226 J
753 3189 913 3226 ohannis
942 3190 1068 3228 Smart
1099 3189 1194 3226 ciuis
1226 3188 1405 3226 Ciuitatis
1434 3187 1706 3227 Brechinensis
1734 3200 1849 3237 super
1876 3187 2102 3227 fundatione
2131 3190 2243 3228 unius
2271 3193 2481 3242 capellanie
2510 3194 2557 3231 ad
2586 3195 2704 3233 altare

643 3253 771 3291 Sancti
794 3251 1034 3290 Christofori.
1089 3247 1157 3302 [19
1178 3251 1300 3300 April.
1322 3252 1433 3289 1458.
1454 3251 1506 3290 fo.
1526 3249 1719 3304 lxxxxix]

577 3379 876 3418 Instrumentum
898 3378 1179 3418 Camerariatus
1199 3379 1245 3417 ad
1265 3378 1475 3417 tenendum
1505 3378 1584 3418 Iter
1615 3379 1833 3418 Camerarie
1853 3379 1891 3416 in
1915 3378 2082 3418 Ciuitate
2110 3380 2361 3420 Brechinensi
2389 3396 2457 3432 per
2483 3383 2511 3423 J
2515 3386 2706 3425 ohannem
