2950 3970
545 628 656 685 180
720 625 1185 684 REGISTRUM
1221 622 1761 680 EPISCOPATUS
1801 621 2393 680 BRECHINENSIS.

544 819 716 867 futuris
739 816 1087 867 successoribus
1110 813 1398 862 immediatis
1431 815 1655 875 compota
1677 810 1878 861 reddant
1901 817 1951 861 et
1973 827 2035 860 ex
2059 811 2153 862 illis
2176 814 2408 862 rationem
2432 818 2482 863 et

547 906 828 955 solutionem
854 905 1051 952 reddere
1074 905 1330 951 teneantur
1365 928 1377 939 ·
1415 903 1515 950 Nos
1542 904 1703 949 autem
1738 916 1801 949 ex
1835 901 2156 965 predictarum
2179 901 2484 952 ecclesiarum

549 993 891 1044 cathedralium
939 990 1268 1041 vacationibus
1303 993 1546 1038 terrarum
1603 988 2031 1039 ecclesiasticarum
2086 990 2245 1041 firmas
2289 992 2391 1041 siue
2436 993 2485 1040 in

550 1083 833 1132 victualibus
895 1080 973 1128 uel
1036 1078 1344 1143 pecuniarum
1403 1077 1599 1126 summis
1657 1077 1922 1127 consistant
1983 1094 2167 1126 necnon
2230 1082 2485 1129 earundem

479 1223 482 1227 ,
549 1182 781 1224 terrarum
805 1174 964 1222 exitus
999 1173 1233 1220 curiarum
1269 1176 1318 1220 et
1351 1169 1628 1234 temporalis
1655 1170 1999 1233 jurisdictionis
2033 1172 2288 1220 earundem
2312 1173 2489 1222 emolu-

550 1268 714 1312 menta
736 1263 912 1312 nostris
946 1266 996 1310 et
1030 1276 1353 1310 successorum
1387 1263 1654 1308 nostrorum
1679 1259 1838 1308 vsibus
1864 1259 2147 1323 applicanda
2169 1276 2254 1324 pro
2281 1261 2488 1325 ipsarum

551 1358 785 1401 terrarum
821 1350 1247 1399 ecclesiasticarum
1283 1348 1550 1398 huiusmodi
1588 1352 1638 1396 et
1669 1348 2011 1410 jurisdictionis
2048 1351 2301 1398 earundem
2323 1351 2491 1413 guber-

552 1442 744 1490 natione
768 1422 818 1488 et
842 1439 1060 1488 custodia
1082 1454 1176 1486 una
1192 1453 1297 1485 cum
1315 1438 1424 1499 jure
1443 1437 1747 1500 presentandi
1765 1437 1826 1484 ad
1845 1436 2071 1486 ecclesias
2094 1442 2143 1486 et
2167 1437 2491 1489 ecclesiastica

550 1530 778 1578 beneficia
817 1543 1094 1593 quecunque
1133 1528 1193 1575 ad
1235 1527 1468 1574 dictorum
1509 1525 1837 1590 episcoporum
1877 1525 2157 1576 collationes
2202 1527 2343 1591 pleno
2381 1528 2488 1590 jure

552 1622 826 1683 spectantes
868 1621 918 1665 et
952 1615 1231 1680 spectantia⁶
1255 1615 1392 1663 nobis
1429 1618 1478 1662 et
1513 1614 1862 1663 successoribus
1896 1615 2071 1664 nostris
2105 1615 2292 1679 regibus
2328 1617 2489 1666 Scotie

554 1707 832 1755 durantibus
850 1705 1168 1769 predictarum
1183 1702 1487 1752 ecclesiarum
1508 1702 1862 1750 Cathedralium
1881 1704 2180 1752 vacationum
2199 1707 2491 1769 temporibus

554 1795 884 1844 tantummodo
907 1809 1206 1842 reseruamus
1244 1808 1327 1855 per
1363 1791 1487 1839 hanc
1522 1795 1684 1839 tamen
1721 1792 2090 1841 reseruationem
2126 1793 2342 1843 nolumus
2365 1797 2490 1859 quod

552 1884 786 1934 husbandi
827 1882 981 1930 coloni
1021 1898 1105 1930 seu
1144 1880 1347 1944 agricole
1389 1884 1621 1928 terrarum
1669 1880 2099 1930 ecclesiasticarum
2136 1882 2490 1932 Cathedralium

554 1973 872 2037 predictarum
906 1971 1250 2018 inhabitatores
1287 1973 1335 2017 et
1372 1969 1565 2017 firmarii
1602 1969 1902 2033 expellantur
1924 1970 1999 2018 vel
2022 1977 2357 2022 remoueantur
2379 1990 2490 2037 quo-

556 2078 648 2126 quo
689 2062 830 2109 modo
870 2061 953 2109 sed
994 2060 1119 2123 quod
1161 2059 1209 2106 in
1250 2059 1392 2106 terris
1431 2058 1501 2106 eis
1542 2047 1777 2107 assedatis
1817 2063 1867 2107 et
1907 2060 2137 2122 possessis
2176 2078 2262 2124 per
2301 2063 2491 2111 eosdem

556 2149 751 2213 singulis
787 2149 1105 2213 predictarum
1142 2147 1440 2196 vacationum
1478 2146 1770 2210 temporibus
1806 2153 2080 2196 remaneant
2104 2149 2339 2213 inexpulsi
2376 2179 2387 2189 ·
2427 2153 2493 2200 Et

555 2245 606 2288 vt
641 2240 729 2287 hec
753 2238 912 2286 omnia
948 2242 997 2285 et
1034 2235 1217 2299 singula
1253 2252 1338 2299 per
1375 2251 1461 2284 nos
1496 2235 1715 2299 superius
1742 2251 1967 2285 concessa
2003 2241 2053 2285 et
2088 2244 2367 2302 expressata
2387 2256 2494 2304 per-

556 2328 714 2392 petuis
734 2327 905 2376 futuris
927 2325 1218 2389 temporibus
1241 2324 1438 2371 firmiter
1472 2327 1522 2372 et
1557 2323 1932 2373 irreuocabiliter
1966 2326 2289 2385 obseruentm,
2313 2333 2496 2392 protes-

556 2423 714 2466 tamur
737 2419 901 2480 aperte
925 2420 975 2463 et
998 2430 1220 2478 expresse
1245 2413 1547 2462 concedimus
1564 2414 1691 2477 quod
1715 2429 1809 2462 non
1832 2430 2080 2477 possumus
2103 2417 2170 2464 vti
2194 2416 2355 2482 aliquo
2370 2419 2495 2481 juris

558 2506 737 2554 auxilio
759 2505 896 2553 nobis
918 2508 1002 2552 aut
1025 2502 1437 2566 predecessoribus
1470 2502 1646 2551 nostris
1681 2503 1730 2550 in
1764 2503 2006 2567 premissis
2039 2521 2125 2554 seu
2160 2507 2494 2569 premissorum

559 2594 717 2658 aliquo
740 2592 1029 2656 competenti
1065 2607 1225 2655 ymmo
1257 2575 1582 2651 renuntiafflns
1605 2606 1828 2655 expresse
1852 2593 2068 2641 omnibus
2091 2597 2140 2642 et
2163 2594 2357 2657 singulis
2372 2596 2495 2657 juris

559 2687 609 2730 et
633 2683 749 2730 facti
773 2681 992 2730 remediis
1028 2686 1076 2728 et
1111 2679 1304 2728 auxiliis
1326 2695 1416 2743 que
1441 2684 1609 2728 contra
1629 2680 1716 2730 has
1739 2682 2067 2731 concessiones
2101 2687 2286 2732 nostras
2319 2685 2368 2732 in
2404 2686 2494 2733 hoc

560 2771 835 2834 cirographo
859 2773 1160 2834 expressatas
1196 2784 1282 2817 seu
1316 2772 1483 2816 contra
1517 2769 1770 2816 earundem
1804 2768 2010 2833 aliquam
2033 2775 2230 2833 possunt
2255 2772 2348 2820 dici
2371 2774 2494 2821 obici

561 2860 635 2908 vel
659 2859 855 2923 proponi
893 2887 903 2896 ·
941 2859 1000 2906 In
1038 2873 1235 2921 quorum
1273 2857 1483 2904 omnium
1519 2861 1569 2905 et
1605 2856 1891 2920 singulorum
1913 2857 2053 2906 fldem
2087 2863 2138 2907 et
2171 2860 2493 2911 testimonium

561 2949 892 3012 premissorum
915 2962 1134 3009 magnum
1158 2944 1360 3008 sigillum
1383 2948 1596 2994 nostrum
1624 2945 1833 3008 presenti
1857 2945 2035 3009 scripto
2057 2949 2260 3011 appendi
2283 2953 2495 3015 precepi-

563 3052 667 3085 mus
704 3064 713 3074 ·
751 3036 892 3099 Apud
931 3033 1206 3094 Edinburgh
1243 3033 1320 3080 die
1357 3033 1542 3081 veneris
1578 3033 1801 3081 vicesimo
1835 3037 2007 3097 quarto
2041 3035 2335 3098 Septembris
2369 3055 2494 3088 anno

565 3124 760 3172 Domini
817 3122 1066 3170 millesimo
1123 3122 1584 3184 quadringentesimo
1630 3121 2014 3185 quinquagesimo
2071 3123 2222 3186 primo
2268 3129 2317 3173 et
2364 3129 2493 3191 regni

565 3213 715 3261 nostri
755 3212 938 3260 decimo
978 3210 1143 3273 quinto
1183 3209 1386 3258 testibus
1427 3209 1698 3258 reuerendis
1738 3210 1786 3258 in
1828 3210 2017 3259 Christo
2058 3212 2271 3274 patribus
2309 3214 2344 3262 J
2346 3217 2495 3265 acobo

566 3301 733 3351 Sancti
780 3301 969 3348 Andree
1017 3297 1261 3346 Willelmo
1310 3298 1591 3348 Glascuensi
1638 3298 1672 3346 J
1675 3298 1859 3346 ohanne
1906 3299 2234 3350 Dunkeldensi
2279 3303 2312 3349 J
2317 3304 2498 3354 ohanne
