2950 3970
473 624 583 677 104
642 623 1106 680 REGISTRUM
1143 622 1685 680 EPISCOPATUS
1726 623 2320 680 BRECHINENSIS.

473 811 591 858 tioni
634 816 682 859 et
728 813 906 860 decreti
958 812 1304 876 interpositioni
1356 812 1618 875 ceterisque
1656 811 1871 860 omnibus
1908 817 1957 860 et
2002 813 2196 876 singulis
2242 829 2403 877 supra-

476 899 616 947 dictis
653 928 662 937 ·
702 928 712 937 ·
751 928 761 937 ·
798 914 991 964 presens
1039 900 1230 948 interfui
1269 928 1279 937 ·
1318 928 1328 938 ·
1368 927 1378 937 ·
1415 899 1482 947 Et
1530 899 1639 947 ideo
1682 914 1875 962 presens
1931 900 2168 964 publicum
2233 901 2404 950 instru-

476 992 683 1035 mentum
723 988 824 1036 siue
860 992 1232 1051 transsumptum
1282 986 1519 1051 publicum
1566 987 1854 1051 proscriptas
1904 987 2069 1038 literas
2118 989 2403 1053 apostolicas

477 1077 534 1122 de
572 1077 712 1123 verbo
748 1076 809 1123 ad
835 1076 1025 1124 verbum
1055 1075 1199 1123 nichil
1238 1075 1403 1123 addito
1438 1074 1513 1122 vel
1549 1079 1732 1123 remoto
1770 1076 1894 1139 quod
1918 1076 2124 1140 ipsarum
2161 1077 2403 1126 literarum

475 1163 838 1227 apostolicarum
883 1163 1197 1213 substantiam
1231 1167 1415 1211 mutare
1468 1162 1617 1226 possit
1657 1167 1741 1211 aut
1781 1163 1830 1210 in
1863 1163 2022 1228 aliquo
2054 1165 2235 1214 variare
2269 1166 2318 1213 in
2353 1182 2404 1216 se

475 1253 722 1301 continens
759 1269 899 1300 manu
936 1252 1133 1300 alterius
1167 1266 1243 1299 me
1277 1250 1384 1300 aliis
1417 1251 1578 1299 arduis
1611 1251 1858 1314 prepedito
1892 1252 2093 1315 negotiis
2127 1247 2352 1318 scriptum
2392 1283 2403 1293 ·

475 1341 618 1402 Signo
653 1345 702 1388 et
737 1341 923 1389 nomine
968 1340 1086 1388 meis
1133 1339 1286 1388 solitis
1320 1343 1369 1388 et
1404 1338 1642 1388 consuetis
1677 1355 1876 1388 unacum
1915 1341 2203 1404 prefatorum
2249 1359 2404 1392 reuer-

475 1429 583 1476 endi
608 1430 654 1476 in
682 1429 839 1478 Cristo
873 1429 1035 1499 patris.
1063 1432 1113 1476 et
1151 1427 1327 1475 domini
1365 1426 1590 1490 Episcopi
1615 1427 1948 1477 Brechinensis
1971 1433 2020 1477 et
2044 1429 2403 1481 Conseruatoris

474 1533 530 1564 ac
555 1517 781 1566 Officialis
805 1516 1071 1580 Sigillorum
1107 1515 1471 1579 appensionibus
1505 1514 1842 1563 communitum
1877 1516 2058 1579 signaui
2096 1546 2106 1555 ·
2145 1546 2155 1556 ·
2195 1547 2204 1557 ·
2241 1519 2399 1568 Dauid

477 1606 581 1652 Bell
619 1634 629 1643 ·
668 1607 733 1654 Et
759 1621 846 1669 ego
871 1605 1076 1653 Thomas
1116 1603 1252 1652 Boile
1286 1603 1519 1667 presbiter
1553 1603 1903 1652 Aberdonensis
1937 1603 2151 1655 dioecesis
2189 1634 2199 1644 ·
2237 1636 2248 1645 ·
2287 1636 2296 1646 ·
2335 1609 2400 1657 Et

477 1712 562 1758 ego
589 1695 867 1743 Alexander
885 1693 1071 1742 Thome
1096 1692 1328 1756 presbiter
1352 1691 1683 1740 Brechinensis
1707 1690 1920 1741 dioecesis
1958 1721 1967 1730 ·
2007 1720 2017 1730 ·

407 1896 435 1923 *
478 1892 660 1941 Ultima
684 1894 912 1942 conducio
938 1893 1097 1941 Dauid
1123 1893 1315 1940 Gonane
1353 1919 1363 1928 ·

384 2044 448 2091 57
484 2014 561 2092 In
595 2045 687 2092 Dei
717 2044 904 2092 nomine
938 2043 1095 2092 Amen
1133 2072 1143 2083 ·
1182 2046 1274 2093 Per
1313 2061 1505 2109 presens
1538 2045 1776 2109 publicum
1817 2047 2178 2097 instrumentum
2213 2053 2397 2101 cunctis

472 2137 635 2196 pateat
673 2161 682 2170 ·
722 2161 732 2170 ·
771 2161 781 2170 ·
818 2134 944 2196 quod
968 2149 1091 2181 anno
1115 2133 1454 2183 incarnationis
1472 2134 1704 2182 dominice
1724 2133 1972 2184 millesimo
1995 2138 2396 2202 quadringentesi-

471 2238 547 2270 mo
582 2222 936 2285 quadragesimo
977 2226 1117 2270 sexto
1150 2223 1323 2271 mensis
1357 2238 1467 2270 vero
1509 2222 1625 2284 Maij
1663 2223 1740 2270 die
1775 2227 1946 2286 quarta
1979 2224 2236 2275 indictione
2271 2245 2395 2277 nona

469 2310 772 2373 pontificatus
809 2337 819 2347 ·
859 2338 869 2347 ·
909 2338 918 2347 -
956 2310 1132 2357 domini
1153 2310 1352 2374 Eugenii
1391 2339 1402 2348 ·
1440 2338 1450 2348 ·
1490 2338 1500 2348 ·
1536 2326 1658 2374 pape
1676 2311 1833 2374 quarti
1856 2328 1981 2360 anno
1999 2313 2182 2363 decimo
2204 2321 2344 2366 sexto
2381 2346 2391 2355 ·

470 2399 528 2445 In
552 2398 644 2445 mei
668 2397 842 2446 notarii
880 2425 890 2435 ·
928 2425 939 2435 -
978 2425 988 2435 ·
1023 2398 1262 2460 presentia
1292 2397 1604 2461 personaliter
1637 2399 1923 2449 constitutus
1963 2404 2246 2454 reverendus
2282 2433 2291 2443 ·
2331 2434 2341 2444 ·
2380 2435 2390 2444 ·

467 2490 602 2548 pater
639 2514 648 2523 ·
687 2514 698 2523 ·
737 2514 746 2524 ·
781 2486 816 2532 J
819 2486 1027 2534 ohannes
1063 2513 1073 2523 ·
1111 2513 1122 2523 ·
1161 2513 1170 2523 -
1209 2486 1472 2550 Episcopus
1496 2487 1827 2536 Brechinensis
1849 2492 2016 2539 tenens
2049 2490 2099 2539 in
2130 2508 2271 2541 manu
2304 2511 2390 2544 sua

468 2574 716 2636 quamdam
734 2572 920 2621 literam
939 2572 1168 2636 papiriam
1206 2601 1216 2612 ·
1256 2602 1265 2611 ·
1305 2602 1315 2612 ·
1351 2572 1603 2637 sigillatam
1622 2575 1811 2639 proprio
1828 2576 1981 2640 sigillo
1999 2578 2286 2631 honorabilis
2303 2584 2387 2632 viri

467 2662 625 2709 Dauid
650 2662 707 2709 de
732 2661 895 2708 Conan
918 2676 1056 2724 quam
1095 2687 1107 2699 ·
1145 2688 1155 2698 ·
1194 2688 1204 2698 ·
1241 2660 1396 2710 dictus
1434 2663 1718 2712 reuerendus
1750 2668 1888 2727 pater
1912 2665 2027 2714 fecit
2064 2667 2239 2732 perlegi
2276 2699 2286 2708 ·
2324 2700 2336 2710 ·
2373 2700 2384 2711 -

466 2766 550 2813 per
571 2765 646 2797 me
668 2748 902 2797 notarium
940 2776 949 2786 ·
989 2777 999 2786 —
1038 2776 1048 2786 ·
1084 2749 1230 2797 Cuius
1251 2748 1389 2797 litere
1410 2753 1549 2798 tenor
1585 2777 1595 2788 ·
1632 2775 1646 2789 ·
1682 2778 1694 2789 ·
1729 2754 1802 2800 est
1823 2752 1935 2802 talis
1972 2781 1982 2791 ·
2019 2753 2090 2802 Be
2114 2755 2152 2804 it
2175 2757 2300 2807 kend
2328 2761 2386 2809 til

467 2837 531 2885 all
552 2853 662 2885 men
684 2837 743 2885 be
766 2836 840 2900 yir
861 2840 1052 2900 present
1091 2835 1271 2891 lettres,
1312 2853 1387 2885 me
1412 2837 1571 2886 Dauid
1595 2838 1650 2886 of
1675 2838 1838 2888 Conan
1871 2841 1930 2889 til
1963 2842 2064 2890 haff
2091 2852 2281 2910 resauyt
2315 2849 2388 2898 fra

467 2941 555 2973 ane
603 2925 827 2972 reuerend
860 2923 998 2987 fadyr
1030 2924 1079 2971 in
1114 2924 1283 2979 Criste,
1333 2925 1367 2971 J
1371 2925 1492 2973 ohne
1541 2924 1736 2990 bischop
1776 2928 1831 2976 of
1876 2929 2094 2987 Brechin,
2145 2934 2252 2983 thre
2292 2939 2385 2985 and

448 3014 650 3074 >thretty
673 3011 848 3060 markis
888 3010 1021 3060 usual
1056 3013 1247 3060 moneth
1273 3013 1328 3060 of
1355 3012 1596 3069 Scotland,
1620 3015 1674 3062 of
1699 3031 1760 3078 ye
1801 3016 1979 3080 qwhilk
2000 3033 2174 3069 sowme
2211 3023 2238 3070 I
2273 3024 2383 3073 hald

467 3117 540 3148 me
580 3099 688 3148 weil
731 3099 863 3163 payit
902 3100 993 3147 and
1035 3099 1154 3163 fully
1176 3105 1370 3149 content
1408 3130 1418 3139 -
1456 3103 1552 3150 For
1583 3117 1643 3166 γε
1678 3103 1856 3167 qwhilk
1882 3106 2034 3169 xxxiij
2071 3111 2246 3160 markis
2271 3114 2298 3160 Ι
2319 3132 2379 3178 ye

466 3191 567 3239 said
608 3188 766 3236 Dauid
806 3188 892 3235 has
932 3187 1033 3235 sald
1071 3188 1226 3252 uterly
1267 3193 1320 3238 to
1341 3205 1401 3252 ye
1431 3190 1534 3239 said
1567 3189 1671 3239 lord
1705 3207 1766 3254 ye
1805 3192 2041 3258 bischope,
2078 3213 2158 3260 my
2196 3203 2382 3266 tempil-

465 3279 574 3326 land
599 3276 652 3325 of
682 3275 865 3323 Kethik
899 3274 1013 3323 with
1051 3290 1109 3338 ye
1149 3277 1402 3339 pertinens,
1426 3278 1520 3326 and
1545 3277 1627 3340 xiij
1653 3293 1713 3328 ss.
1738 3279 1829 3327 aud
1855 3279 1921 3343 iiij
1949 3282 1993 3329 d.
2019 3283 2073 3331 of
2100 3287 2239 3335 anuel
2274 3296 2377 3341 rent
