2950 3970
506 638 617 692 232
677 638 1138 694 REGISTRUM
1178 639 1720 698 EPISCOPATUS
1759 643 2360 699 BRECHINENSIS.

513 826 560 872 in
585 826 838 875 esculentis
861 832 910 875 et
933 828 1200 891 poculentis
1236 857 1246 866 -
1285 829 1446 876 Etiam
1471 829 1576 878 volo
1600 831 1724 894 quod
1749 832 2075 879 excrescentia
2094 833 2329 880 firmarum
2347 833 2444 880 dic-

514 919 669 962 torum
687 931 894 966 meorum
909 919 1287 965 tenementorum
1301 920 1534 965 terrarum
1572 945 1582 956 ·
1621 946 1631 956 ·
1670 945 1681 956 ·
1717 934 1774 966 ac
1793 919 2059 967 reddituum
2077 920 2442 984 prescriptorum

516 1002 642 1052 ultra
661 1007 710 1051 et
730 1020 872 1067 supra
890 1004 1067 1052 dictam
1086 1020 1313 1076 summam
1334 1005 1646 1068 quadraginta
1665 1021 1927 1053 marcarum
1946 1011 2134 1055 monete
2158 1008 2370 1071 predicte
2393 1013 2443 1055 et

517 1091 797 1140 elemosinas
818 1093 1163 1155 suprascriptas
1185 1092 1416 1142 limitatas
1446 1093 1636 1141 dabitur
1658 1094 1943 1157 pauperibus
1980 1094 2029 1142 in
2067 1095 2191 1143 festo
2228 1095 2444 1144 Nominis

516 1180 548 1226 J
553 1195 635 1228 esu
659 1196 744 1243 per
767 1179 1060 1243 capellanum
1085 1196 1170 1243 pro
1193 1185 1406 1243 tempore
1431 1180 1558 1228 ultra
1592 1185 1641 1229 et
1665 1197 1807 1245 supra
1830 1197 2057 1230 summam
2081 1183 2311 1230 tredecim
2335 1183 2445 1231 soli-

518 1270 680 1315 dorum
705 1272 754 1315 et
778 1272 980 1331 quatuor
1004 1269 1299 1316 denariorum
1338 1297 1348 1306 ·
1387 1296 1396 1306 ·
1438 1297 1447 1306 ·
1487 1269 1553 1317 Et
1577 1261 1863 1332 quod'omni
1886 1286 2010 1318 anno
2047 1270 2096 1318 in
2131 1271 2255 1319 festo
2279 1271 2443 1319 Sancti

516 1356 549 1402 J
554 1356 751 1404 ohannis
774 1356 982 1419 baptiste
1008 1355 1279 1419 capellanus
1310 1373 1396 1420 pro
1433 1361 1646 1421 tempore
1682 1357 1814 1406 dabit
1846 1357 2079 1406 calculum
2103 1363 2373 1422 computum
2397 1364 2446 1406 et

519 1443 815 1491 ratiocinium
853 1444 1089 1491 firmarum
1128 1444 1362 1492 dictorum
1386 1449 1762 1494 tenementorum
1787 1461 1892 1494 cum
1916 1447 2215 1510 pertinentiis
2248 1452 2448 1511 patrono

519 1533 752 1580 communi
777 1533 1069 1595 procuratori
1095 1533 1426 1580 canonicorum
1451 1533 1647 1597 capituli
1675 1563 1684 1572 ·
1713 1562 1723 1572 ·
1751 1561 1761 1572 ·
1786 1534 1975 1583 balliuis
1998 1536 2163 1583 maiori
2182 1536 2307 1599 parti
2325 1551 2451 1584 com-

520 1621 673 1669 munis
691 1620 875 1669 consilii
899 1621 1111 1669 ciuitatis
1133 1621 1466 1670 Brechinensis
1485 1638 1653 1685 magno
1672 1638 1760 1671 suo
1776 1623 2047 1684 juramento
2065 1623 2410 1672 interueniente
2438 1653 2448 1662 ·

523 1711 587 1757 Et
623 1710 747 1773 quod
782 1725 968 1773 semper
1002 1709 1274 1773 capellanus
1309 1710 1491 1758 intrans
1528 1711 1740 1758 inueniat
1765 1711 2074 1759 sufficientem
2098 1712 2367 1760 cautionem
2390 1714 2451 1760 ad

521 1798 877 1862 relinquendum
901 1802 1009 1861 post
1033 1798 1214 1846 obitum
1239 1814 1373 1846 suum
1398 1799 1455 1845 de
1480 1798 1615 1846 bonis
1638 1798 1736 1847 suis
1758 1799 1961 1862 propriis
1985 1799 2230 1863 capellano
2255 1800 2453 1848 intranti

523 1888 755 1935 residuam
781 1902 1064 1934 summarum
1100 1890 1149 1933 et
1184 1886 1557 1934 excrescentiam
1582 1886 1814 1934 dictorum
1839 1891 2215 1935 tenementorum
2240 1904 2451 1936 acrarum

522 1979 752 2023 terrarum
773 1974 1017 2022 arabilium
1045 1979 1094 2022 et
1118 1990 1376 2022 annuorum
1398 1975 1668 2022 reddituum
1693 1974 1820 2022 ultra
1846 1979 1895 2022 et
1920 1990 2062 2038 supra
2080 1975 2313 2038 prefatam
2332 1992 2455 2024 sum-

523 2080 647 2111 mam
667 2063 977 2126 quadraginta
993 2078 1255 2110 marcarum
1275 2062 1593 2125 predictarum
1613 2078 1698 2125 pro
1723 2078 1779 2110 eo
1803 2064 1926 2126 quod
1946 2063 2124 2125 primus
2149 2079 2279 2112 meus
2302 2064 2457 2128 capel-

523 2152 661 2200 lanus
695 2151 874 2214 recepit
910 2167 940 2198 a
976 2167 1051 2198 me
1084 2151 1142 2198 de
1175 2150 1292 2198 meis
1326 2150 1462 2198 bonis
1499 2150 1697 2213 propriis
1731 2154 1915 2197 tantam
1953 2167 2181 2199 summam
2219 2152 2267 2199 in
2307 2153 2457 2216 primo

525 2256 648 2288 anno
685 2239 811 2287 ultra
847 2239 1022 2287 dictam
1058 2254 1286 2287 summam
1324 2239 1635 2302 quadraginta
1672 2254 1933 2286 marcarum
1973 2243 2160 2288 monete
2197 2241 2408 2303 predicte
2446 2269 2455 2278 ·

527 2329 740 2376 Ulterius
764 2327 868 2375 volo
893 2328 1016 2390 quod
1041 2327 1334 2390 presentatio
1358 2327 1485 2374 dicte
1510 2342 1613 2374 mee
1643 2326 1904 2390 capellanie
1943 2327 2160 2376 Nominis
2191 2327 2227 2375 J
2230 2344 2316 2377 esu
2350 2333 2457 2392 post

527 2417 705 2464 obitum
731 2431 883 2463 meum
909 2415 1144 2478 spectabit
1169 2419 1218 2463 et
1242 2415 1498 2478 pertinebit
1523 2415 1702 2462 decano
1726 2420 1775 2462 et
1799 2414 2009 2478 capitulo
2034 2415 2343 2465 Brechinensi
2371 2433 2457 2480 pro

527 2510 739 2568 tempore
764 2521 871 2551 cum
894 2503 1148 2552 collatione
1173 2504 1410 2551 ordinaria
1434 2504 1543 2551 inde
1567 2507 1770 2567 sequuta
1808 2531 1818 2540 ·
1857 2503 1922 2550 Et
1959 2519 2051 2550 non
2091 2503 2255 2552 licebit
2279 2505 2457 2553 eisdem

529 2594 798 2656 dispensare
825 2609 931 2640 cum
955 2591 1200 2656 capellano
1225 2607 1310 2655 pro
1334 2596 1547 2655 tempore
1571 2592 1631 2638 ad
1657 2591 1978 2638 derimendam
2003 2595 2269 2654 presentem
2305 2609 2458 2640 meam

528 2681 850 2729 fundationem
889 2679 962 2728 vel
997 2680 1204 2744 aliquam
1242 2684 1426 2743 partem
1465 2680 1675 2728 eiusdem
1711 2681 1795 2727 sed
1830 2680 1891 2727 ad
1919 2681 2116 2727 eandem
2155 2681 2204 2728 in
2245 2682 2460 2730 omnibus

529 2770 718 2833 punctis
753 2774 801 2816 et
837 2768 1051 2817 articulis
1091 2767 1461 2831 perimplendam
1497 2771 1546 2815 et
1583 2768 1977 2816 corroborandam
2016 2797 2026 2806 -
2065 2769 2130 2816 Et
2165 2785 2258 2817 non
2293 2769 2456 2818 licebit

531 2859 660 2906 dicto
684 2873 788 2905 meo
812 2861 1013 2920 patrono
1036 2860 1310 2919 presentare
1336 2855 1542 2918 aliquem
1565 2856 1626 2903 ad
1652 2855 1828 2903 dictam
1852 2871 2006 2903 meam
2032 2855 2342 2919 capellaniam
2368 2858 2458 2906 nisi

531 2946 855 3009 presbyterum
880 2945 928 2991 in
952 2944 1115 2991 ordine
1139 2944 1498 3007 presbyteratus
1522 2943 1834 2992 constitutum
1871 2979 1882 2990 .
1918 2945 1983 2992 Et
2007 2944 2149 2992 citius
2183 2947 2458 3008 cognomine

535 3035 735 3081 Browne
761 3033 834 3080 vel
861 3033 1073 3095 Ramsay
1110 3032 1151 3080 si
1187 3032 1432 3080 commode
1467 3032 1632 3079 haberi
1669 3036 1828 3095 potest
1867 3058 1880 3070 ·
1916 3031 1981 3080 Et
2019 3047 2132 3080 casu
2172 3049 2264 3096 quo
2287 3027 2461 3083 ‘dictus

532 3126 757 3184 patronus
801 3136 895 3168 non
935 3120 1279 3183 presentaverit
1327 3121 1546 3168 idoneum
1597 3120 1923 3183 presbyterum
1973 3121 2034 3167 ad
2085 3121 2261 3168 dictam
2308 3137 2460 3170 meam

533 3208 842 3272 capellaniam
879 3207 1153 3270 cognomine
1196 3208 1371 3257 Brown
1406 3211 1490 3255 aut
1516 3208 1727 3270 Ramsay
1761 3207 1801 3256 si
1825 3209 2070 3256 commode
2096 3209 2261 3256 haberi
2284 3211 2461 3272 poterit

538 3306 588 3346 ut
613 3313 755 3360 supra
777 3297 899 3344 infra
921 3296 1125 3360 spatium
1146 3296 1310 3359 viginti
1341 3296 1520 3344 dierum
1540 3300 1789 3360 postquam
1815 3297 1918 3360 ipsa
1943 3297 2206 3360 capellania
2224 3300 2461 3347 vacauerit
