2950 3970
1168 920 1653 1058 APPENDIX,
1707 977 1804 1047 II.

636 1269 876 1313 CARTAE
905 1266 1335 1310 EPISCOPORUM
1367 1263 1883 1309 BRECHINENSIUM
1914 1263 1995 1305 DE
2024 1262 2333 1306 ECCLESIIS

964 1344 1410 1388 MONACHORUM
1440 1344 1521 1386 DE
1551 1341 2012 1385 ABERBROTHOC.

462 1536 481 1573 (
496 1534 665 1573 XCVII.
721 1533 838 1572 Carta
860 1531 1024 1581 Tur-pini
1045 1530 1230 1581 Episcopi
1249 1530 1535 1579 Breohynensis
1553 1527 1601 1567 de
1629 1527 1794 1567 ecclesia
1811 1527 1859 1565 de
1880 1526 2014 1565 Veteri
2035 1527 2207 1565 Mum-os.
2265 1523 2390 1577 [AD.
2414 1526 2617 1579 1178-98.]

439 1660 667 1700 CXCVIII.
724 1659 979 1698 confirmacio
1008 1658 1199 1708 Radulphi
1229 1657 1402 1707 episcopi
1430 1656 1716 1706 Brechynensis
1742 1655 1790 1693 de
1823 1655 1987 1694 ecclesia
2019 1654 2067 1692 de
2096 1654 2231 1693 Veteri
2265 1654 2436 1692 Μυκη-οε.
2494 1651 2618 1704 [AD.

828 1718 1034 1773 1202-18.]

477 1849 664 1890 CXCIX.
722 1847 976 1887 Confirmacio
999 1846 1177 1896 Hugonis
1196 1844 1366 1894 episcopi
1387 1843 1672 1901 Brechynensis
1691 1843 1739 1881 de
1758 1842 1924 1881 ecclesia
1940 1842 1988 1880 de
2009 1842 2142 1879 Veteri
2163 1841 2337 1880 Munros.
2395 1839 2445 1893 [c.
2469 1841 2600 1894 1218]

589 1976 670 2015 CC.
725 1975 981 2014 Confirmaeio
1012 1972 1194 2023 Gregorii
1222 1972 1393 2022 episcopi
1425 1970 1696 2009 Brechinensis
1725 1969 1774 2008 de
1801 1969 1966 2008 ecclesia
1994 1969 2043 2007 de
2078 1968 2214 2008 Veteri
2251 1969 2424 2007 Mum-os.
2495 1966 2621 2019 [AD.

830 2034 1034 2087 1218-22.]

567 2165 670 2203 CCI.
729 2164 984 2203 Confirmacio
1005 2162 1166 2212 Tur-pini
1186 2161 1357 2212 episcopi
1376 2161 1424 2199 de
1443 2160 1606 2199 ecclesia
1625 2160 1673 2199 de
1694 2160 1882 2210 Kateryn.
1937 2156 2062 2212 [ΑΒ.
2085 2157 2290 2210 1178-98.]

547 2292 669 2331 CCII.
725 2291 788 2329 De
808 2291 972 2329 ecclesia
990 2289 1038 2327 de
1059 2288 1338 2338 Dunnechytn.
1394 2285 1521 2339 [A.D.
1543 2286 1747 2340 1211-18.]

532 2418 675 2457 CCIII.
730 2415 794 2456 De
823 2416 997 2455 ecclesiis
1030 2416 1078 2453 de
1112 2414 1379 2465 Kingoldrum,
1415 2413 1611 2463 Panbryd‚
1643 2412 1872 2462 Moniekyn‚
1910 2412 2097 2460 Kateryn,
2128 2415 2169 2450 et
2203 2410 2421 2460 Gutheryn.
2495 2409 2623 2463 [AD.

834 2477 1036 2530 1211-18.]

539 2608 677 2647 CCIV.
736 2607 985 2646 Confirmatio
1006 2604 1169 2655 Tui-pini
1187 2603 1370 2654 Episcopi
1390 2604 1675 2654 Brechynensis
1693 2600 1741 2642 de
1759 2602 1936 2642 omnibus
1954 2602 2140 2641 ecclesiis,
2196 2599 2322 2653 [A.D.
2345 2603 2548 2656 1178-98.]

562 2704 689 2775 ccv.
740 2733 989 2772 Confirmatio
1012 2732 1204 2782 Radulphi
1222 2732 1394 2782 episcopi
1419 2731 1703 2781 Brechynensis
1721 2730 1769 2769 do
1788 2730 1965 2768 omnibus
1984 2729 2170 2768 ecclesiis.
2227 2725 2351 2780 [A.D.
2374 2730 2486 2766 1198·
2498 2730 2629 2782 1218.]

544 2861 683 2899 CCVI.
738 2860 986 2898 Confirmatio
1005 2859 1164 2909 capituli
1186 2858 1455 2897 Brechinensis
1472 2857 1520 2896 de
1539 2856 1726 2896 echesiis.
1779 2853 1904 2908 [AD.
1927 2855 2132 2908 1212-18.]

521 2986 681 3025 CCVII.
739 2985 987 3024 Confirmatio
1009 2985 1187 3036 Hugonis
1207 2986 1379 3035 episcopi
1401 2983 1686 3033 Brechynensis
1705 2982 1754 3021 de
1774 2983 1949 3021 omnibus
1970 2982 2158 3020 ecclesiis.
2215 2978 2264 3032 [c.
2290 2981 2422 3035 1218]

507 3111 690 3151 CCVIII.
748 3111 864 3149 Carta
882 3111 1075 3161 Radulphi
1095 3112 1266 3161 episcopi
1286 3109 1555 3149 Brecbinensis
1574 3108 1621 3146 de
1649 3109 1986 3158 procuracionibus
2010 3107 2209 3146 faciendis.
2264 3105 2321 3159 [a.
2344 3108 2477 3162 1214.]

546 3239 688 3279 CCIX.
746 3238 993 3277 Confirmatio
1011 3239 1169 3288 capituli
1190 3237 1458 3304 Brechinensis
1475 3236 1524 3275 de
1542 3235 1881 3286 procuracionibus
1904 3234 2103 3273 faciendis.
2161 3233 2216 3286 [a.
2240 3234 2373 3287 1214]

564 3366 685 3407 CCX.
743 3366 992 3405 Confirmatio
1013 3366 1192 3417 Hugonis
1210 3365 1382 3415 episcopi
1402 3364 1672 3404 Brechinensis
1691 3363 1739 3402 de
1758 3363 2096 3414 procuracionibus
2113 3362 2311 3402 faciendis.
2367 3359 2416 3413 [c.
2440 3362 2569 3415 1218]
