2950 3970
491 619 565 675 70
630 617 1096 673 REGISTRUM
1132 616 1672 672 EPISCOPATUS
1712 616 2305 671 BRECHINENSIS.

496 807 629 855 unire
657 810 911 854 annectere
946 811 996 854 et
1030 806 1327 869 incorporare
1362 805 1520 853 animo
1565 804 1811 868 proposuit
1845 809 1895 853 et
1934 805 2173 854 aduisauit
2203 805 2286 853 sed
2321 804 2432 867 quia

495 896 677 944 fructus
702 895 829 942 dicte
853 893 1034 958 capelle
1059 893 1218 956 exigui
1242 897 1291 941 et
1315 892 1486 941 minuti
1504 896 1641 940 erant
1658 907 1747 941 nec
1770 893 1833 941 ad
1855 893 2255 941 sustentacionem
2275 891 2432 956 capel-

495 983 593 1031 lani
611 983 905 1032 sufficiebant
930 983 988 1030 de
1013 982 1209 1031 decimis
1226 980 1496 1045 garbalibus
1513 980 1730 1028 villarum
1749 982 1807 1028 de
1826 981 2130 1030 Isakistoune
2157 985 2206 1029 et
2230 981 2434 1044 Chapel-

498 1077 645 1120 toune
670 1087 811 1120 unam
836 1070 1043 1119 celdram
1066 1071 1217 1118 farine
1243 1068 1374 1118 dicto'
1395 1069 1546 1118 eciam
1570 1069 1771 1118 seruicio
1795 1070 1991 1118 adunire
2014 1070 2259 1134 proposuit
2282 1070 2432 1118 donec

497 1166 546 1209 et
571 1176 812 1224 quousque
837 1160 896 1207 de
919 1163 1147 1223 quattour
1169 1158 1342 1207 marcis
1378 1158 1427 1206 in
1463 1157 1728 1206 redditibus
1751 1174 1838 1221 per
1860 1158 2011 1221 ipsum
2049 1158 2287 1207 dominum
2312 1159 2435 1222 epis-

494 1266 663 1313 copum
691 1253 775 1297 aut
799 1264 910 1297 suos
927 1263 1224 1297 successores
1245 1247 1375 1296 dicto
1393 1246 1639 1310 capellano
1663 1246 1712 1294 in
1737 1246 1867 1295 dicto
1886 1246 2088 1295 seruicio
2110 1263 2197 1310 pro
2220 1251 2433 1310 tempore

492 1337 781 1386 ministranti
804 1336 1136 1400 prouideretur
1157 1351 1247 1384 nec
1281 1336 1331 1383 in
1364 1336 1455 1384 hoc
1479 1351 1590 1384 suos
1613 1351 1910 1385 successores
1944 1339 1997 1384 ut
2034 1336 2223 1384 dicebat
2257 1340 2307 1383 et
2344 1336 2433 1384 sibi

493 1426 713 1490 apparuit
747 1425 844 1473 ullo
879 1425 1020 1472 modo
1042 1424 1262 1488 grauauit
1295 1425 1406 1488 quia
1441 1424 1620 1472 dictum
1655 1424 1906 1472 seruicium
1931 1440 2024 1472 non
2049 1423 2155 1488 plus
2178 1424 2270 1472 sibi
2293 1440 2432 1488 quam

495 1515 564 1563 eis
587 1514 853 1576 attingebat
879 1514 962 1562 sed
986 1514 1047 1560 ad
1070 1513 1355 1561 trahendum
1390 1516 1440 1561 et
1476 1513 1795 1575 instigandum
1821 1513 1939 1561 dicti
1964 1513 2191 1576 principis
2226 1513 2432 1561 animum

497 1605 557 1651 ad
596 1602 776 1650 cultum
814 1601 1026 1649 diuinum
1061 1602 1111 1648 in
1146 1601 1349 1650 ecclesia
1371 1601 1636 1650 cathedrali
1660 1601 1877 1664 predicta
1899 1603 2296 1664 augmentandum
2332 1602 2433 1650 sine

497 1709 590 1756 quo
620 1708 713 1740 non
736 1691 903 1739 fuisset
928 1694 982 1738 ut
1005 1690 1208 1738 asseruit
1232 1691 1411 1738 factum
1450 1718 1460 1727 ·
1499 1690 1618 1737 Ideo
1641 1690 1731 1754 hoc
1754 1694 1858 1738 erat
1877 1706 2123 1738 commune
2149 1695 2198 1738 et
2223 1691 2433 1738 debitum

499 1787 547 1829 et
583 1780 801 1829 omnibus
840 1779 1074 1842 episcopis
1106 1779 1374 1827 faciendum
1411 1778 1580 1842 quibus
1617 1778 1687 1826 sic
1722 1794 1807 1841 per
1843 1778 2080 1841 prefatum
2127 1780 2433 1826 reuerendum

497 1874 680 1934 patrem
706 1867 894 1932 publice
918 1883 1077 1917 coram
1102 1867 1344 1916 canonicis
1367 1867 1415 1914 in
1441 1866 1650 1930 capitulo
1674 1866 1932 1930 propositis
1965 1871 2154 1915 matura
2176 1871 2226 1915 et
2248 1868 2436 1916 auisata

501 1957 839 2006 deliberatione
877 1984 888 1994 ·
927 1984 937 1994 ·
977 1984 988 1994 ·
1024 1970 1163 2019 super
1186 1956 1278 2003 hoc
1300 1955 1562 2019 prehabitis
1585 1955 1762 2002 domini
1799 1955 1859 2002 de
1896 1954 2106 2018 capitulo
2142 1956 2435 2019 propositum

498 2046 796 2095 concorditer
816 2045 1070 2092 laudarunt
1093 2044 1273 2107 pariter
1296 2047 1345 2091 et
1370 2043 1691 2107 approbarunt
1729 2071 1739 2080 ·
1778 2043 1898 2091 Ideo
1923 2043 2100 2092 dictam
2124 2044 2436 2108 capellaniam

498 2152 604 2184 cum
628 2134 845 2183 omnibus
877 2133 1020 2181 terris
1053 2131 1430 2196 possessionibus
1452 2131 1687 2180 fructibus
1722 2135 1772 2179 et
1810 2132 2117 2195 pertinenciis
2141 2133 2439 2197 quibuscum·

498 2241 588 2288 que
614 2239 668 2271 ac
694 2221 1024 2271 emolumentis
1041 2221 1102 2267 ad
1123 2221 1298 2268 dictam
1318 2219 1629 2282 capellaniam
1650 2221 1708 2268 de
1721 2220 1828 2282 jure
1847 2236 1930 2269 seu
1949 2223 2287 2271 consuetudine
2306 2239 2438 2286 spec-

499 2313 714 2361 tantibus
748 2327 830 2360 seu
865 2314 1082 2374 spectare
1107 2309 1390 2357 debentibus
1412 2307 1738 2357 oblacionibus
1772 2313 1822 2356 et
1857 2310 2146 2373 quotidianis
2169 2311 2438 2361 elemosinis

502 2403 561 2449 ad
579 2399 981 2450 sustentacionem
1005 2397 1188 2462 capelle
1210 2401 1310 2446 tam
1330 2398 1457 2445 intra
1475 2413 1615 2460 quam
1640 2401 1781 2446 extra
1804 2399 1863 2445 de
1887 2413 2119 2448 consensu
2141 2400 2303 2447 vicarii
2321 2401 2438 2448 Bre-

502 2489 738 2538 chinensis
753 2503 839 2552 pro
855 2503 907 2536 se
924 2491 974 2535 et
990 2487 1088 2535 suis
1103 2485 1453 2535 successoribus
1468 2486 1703 2534 duntaxat
1721 2486 1938 2550 exceptis
1953 2486 2072 2535 Cum
2087 2488 2236 2536 eciam
2250 2490 2437 2552 prefata

499 2594 682 2628 summa
704 2575 978 2625 victualium
1003 2576 1160 2623 dictus
1182 2574 1470 2622 reuerendus
1492 2577 1631 2636 pater
1663 2589 1750 2637 pro
1785 2590 1835 2622 se
1871 2579 1921 2622 et
1955 2576 2054 2624 suis
2088 2577 2435 2627 successoribus

501 2666 708 2715 unanimi
732 2680 963 2714 consensu
1001 2692 1010 2701 ·
1051 2692 1060 2701 -
1099 2692 1110 2701 ·
1145 2662 1295 2711 totius
1319 2661 1517 2726 capituli
1540 2662 1602 2709 ad
1625 2662 1716 2710 hoc
1740 2654 2013 2725 specialiter
2034 2665 2285 2713 conuocati
2323 2693 2334 2703 ·
2373 2694 2384 2703 -
2423 2694 2433 2704 -

502 2757 685 2820 prefato
724 2753 970 2817 capellano
1007 2753 1056 2800 in
1095 2752 1226 2800 dicto
1267 2751 1470 2799 seruicio
1504 2750 1831 2799 ministratum
1869 2779 1878 2788 ·
1916 2779 1926 2788 -
1966 2779 1976 2789 ·
2013 2753 2154 2801 modo
2177 2769 2270 2816 quo
2293 2769 2435 2817 supra

501 2843 717 2892 aduniuit
757 2841 987 2890 annexuit
1028 2845 1078 2889 et
1119 2839 1443 2903 incorporauit
1485 2842 1535 2886 et
1575 2855 1661 2902 per
1706 2843 1952 2902 presentes
1997 2841 2164 2889 adunit
2201 2869 2212 2879 ·
2250 2869 2260 2879 ·
2300 2870 2310 2880 ·
2346 2842 2436 2891 hac

502 2933 691 2980 adiecta
714 2930 988 2979 condicione
1013 2929 1139 2993 quod
1164 2944 1352 2991 semper
1376 2927 1599 2991 episcopo
1635 2927 1715 2991 qui
1749 2943 1836 2990 pro
1869 2932 2083 2992 tempore
2104 2929 2249 2979 fuerit
2272 2931 2435 2980 licebit

503 3022 632 3069 dicta
654 3017 879 3067 victualia
907 3018 1137 3065 redimere
1162 3032 1268 3064 cum
1293 3019 1519 3079 quattuor
1542 3015 1713 3064 marcis
1735 3015 1784 3063 in
1807 3016 2149 3067 sufficientibus
2172 3019 2435 3070 redditibus

503 3106 801 3172 capella[no]
841 3105 1055 3169 predicto
1092 3104 1290 3152 firmiter
1323 3107 1373 3152 et
1407 3118 1572 3152 secure
1606 3103 1858 3167 assignatis
1895 3133 1904 3142 -
1943 3105 2035 3160 Qui
2060 3106 2331 3170 capellanus
2352 3125 2435 3156 an-

498 3197 680 3245 nuatim
703 3211 788 3258 pro
813 3197 1046 3258 perpetuo
1081 3198 1131 3242 et
1166 3191 1313 3242 semel
1346 3192 1395 3240 in
1431 3191 1644 3256 qualibet
1679 3192 1944 3242 ebdomada
1968 3194 2045 3242 die
2068 3193 2179 3243 lune
2204 3196 2431 3246 Mercurii

499 3285 571 3333 vel
596 3283 798 3355 Veneris
819 3283 992 3330 feriata
1014 3286 1174 3330 tamen
1210 3282 1259 3329 in
1292 3281 1423 3329 dicta
1446 3279 1631 3344 capella
1652 3280 1842 3330 missam
1866 3297 1952 3345 pro
1973 3282 2219 3333 animabus
2253 3284 2434 3334 ffunda-
